2928 4724
766 172 806 230 68

172 364 249 428 colis
273 362 412 439 solitum,
437 361 508 458 qui
530 378 599 425 mos
622 379 708 425 nunc
731 361 765 424 in
788 360 874 425 omni
897 359 962 425 fere
988 359 1122 426 Graecia
1146 347 1335 437 obtinetur',
1365 359 1395 424 in

171 470 231 534 hoc
254 469 353 533 loco
345 487 379 532 ιιι
402 467 597 532 contrarium
619 469 784 532 mutatum
807 467 907 532 videri
930 467 1083 549 reddique
1105 467 1212 550 potius
1237 466 1394 532 aCutnllo

172 575 322 640 carminis
347 573 497 657 Sapphici
520 574 664 657 exemplo
681 573 811 637 dimisso
826 573 1036 638 Romanam
1028 574 1119 638 imita
1100 574 1240 638 ationem
1264 576 1297 637 et
1282 573 1396 638 tItali-

172 700 247 746 cum
270 699 400 745 morem.

185 841 188 851 .
261 786 345 866 Quid
368 805 442 869 ergo
465 787 536 851 esti
568 786 595 850 si
618 804 637 848 a
660 785 787 850 Catullo
816 785 849 849 id
872 785 1017 851 consulto
1040 786 1249 851 immutatum
1274 787 1395 852 esseio

170 895 353 979 praesentia
376 892 597 969 concedamus,
628 892 725 956 simul
748 892 828 956 illud
852 891 1023 956 concedere
1047 911 1199 974 cogamur
1223 912 1298 957 enm
1321 893 1395 958 adeo

170 1001 341 1083 infregisse
364 1000 465 1082 ipsius
489 998 667 1062 sententiae
690 998 766 1075 vim,
788 998 1001 1080 utqualem
993 1018 1026 1062 m
1050 999 1243 1080 quibusdam
1265 1001 1395 1082 regioni-

170 1109 231 1173 bus
255 1109 371 1173 vitium
395 1107 557 1170 culturam
579 1122 691 1170 revera
713 1104 812 1170 inisse
837 1107 960 1169 certum
985 1107 1049 1182 est,
1073 1108 1111 1170 t
1133 1106 1214 1170 ntes
1237 1106 1328 1170 humi
1351 1125 1395 1170 re·
1448 1079 1454 1171 1

170 1217 298 1298 perent,
334 1213 409 1277 talis
438 1213 584 1276 culturae
616 1230 679 1276 usu
707 1212 845 1294 poetico,
881 1211 956 1293 quia
985 1212 1036 1276 vel
1067 1212 1189 1277 inutilis
1225 1213 1276 1277 vel
1309 1214 1394 1276 nulla
1449 1217 1453 1325 l

170 1321 347 1396 rideretur,
377 1319 495 1383 diserte
523 1319 629 1400 spreto
661 1318 708 1382 rei
738 1319 803 1383 sive
837 1318 1034 1400 ignoratione
1069 1319 1134 1382 sive
1165 1321 1393 1403 contemptione
1449 1327 1453 1346 “

171 1425 329 1492 adductus
353 1425 435 1488 nihil
458 1424 546 1489 alind
569 1425 679 1506 ageret
708 1424 770 1488 nisi
799 1427 837 1488 ιιι
859 1425 1019 1488 infirmam
1049 1424 1197 1490 redderet
1220 1445 1291 1490 eam
1315 1445 1394 1490 com-
1451 1433 1453 1488 ι

169 1533 377 1618 parationem.
422 1530 648 1595 Necessarium
675 1531 760 1594 enim
790 1533 840 1595 est
870 1549 942 1596 eam
969 1532 1213 1614 comparationis
1241 1533 1394 1598 rationem

171 1639 288 1704 avitis
319 1638 446 1702 cultura
475 1637 595 1720 petitae
626 1638 725 1702 talem
757 1656 826 1702 esse
851 1637 978 1714 debere,
1008 1640 1046 1703 ut
1069 1657 1151 1720 quae
1174 1642 1395 1721 rumperentur

170 1765 234 1810 non
258 1745 390 1809 fortuita
413 1743 522 1826 aliqua
545 1746 578 1807 et
599 1743 792 1808 inconstanti
816 1745 962 1808 culturae
985 1762 1100 1826 genere
1125 1746 1181 1808 aut
1202 1746 1392 1828 proprietate

170 1851 331 1928 nitantur,
362 1849 417 1914 sed
445 1868 647 1914 communem
675 1849 836 1931 quendam
867 1850 1077 1932 omnibusque
1105 1854 1304 1916 constantem
1330 1853 1392 1918 eius

171 1958 297 2042 generis
321 1976 441 2022 morem
466 1957 505 2020 ob
528 1957 637 2021 oculos
658 1958 788 2039 ponant.

262 2064 323 2128 Sed
348 2064 433 2128 enim
456 2081 542 2126 nunc
565 2063 695 2145 quidem
716 2081 779 2126 non
804 2063 914 2145 agitur
944 2063 996 2128 bic
1019 2064 1109 2129 varia
1132 2065 1249 2129 vitium
1272 2066 1393 2129 culnna
1450 2143 1451 2154 ἵ

170 2189 226 2255 pro
249 2172 384 2236 naturae
408 2169 595 2233 diversitate
619 2168 741 2234 diverse
764 2169 924 2246 instituta,
948 2170 1003 2235 sed
1027 2189 1102 2235 vera
1125 2173 1277 2236 cretionis
1300 2172 1393 2236 inter·
1450 2159 1451 2162 ¹

168 2275 316 2360 pretatio.

258 2383 404 2446 Primum
434 2383 533 2464 igitur
561 2382 642 2446 illud
673 2382 795 2448 attendi
821 2383 914 2448 debet
937 2383 1103 2448 Catullum
1131 2404 1196 2449 nou
1228 2386 1330 2451 dicere
1353 2386 1391 2450 de
1448 2443 1452 2467 ,1

169 2490 297 2566 vitibus,
321 2488 377 2554 sed
400 2488 438 2553 de
461 2489 623 2565 annuite,
647 2507 728 2570 quae
751 2489 785 2552 in
807 2489 892 2554 nudo
916 2490 1033 2554 arvoi.
1057 2509 1083 2554 e.
1106 2492 1272 2556 arboribus
1297 2511 1392 2556 vacuo

169 2596 240 2679 ipsa
262 2595 390 2660 vidua
381 2613 443 2658 1..e
467 2594 609 2658 solitaria
632 2595 776 2659 nascitur
738 2596 954 2677 unAtque
946 2616 980 2659 m
1001 2596 1063 2660 hac
1085 2614 1120 2660 re
1144 2599 1272 2663 omnino
1295 2599 1392 2663 omnis
1452 2649 1453 2652 ,

169 2704 220 2767 est
242 2721 338 2778 error,
362 2701 447 2783 quod
462 2701 562 2766 vitem
584 2701 675 2764 illam
698 2702 890 2784 pruritibus
914 2703 1013 2766 vineti
1036 2703 1173 2768 abcuius
1197 2706 1392 2789 acceperunt,

169 2809 211 2874 ad
226 2808 407 2891 exemplum
422 2808 558 2872 fortasse
574 2807 665 2890 plant
666 2825 767 2883 arum,
789 2808 971 2900 herbarum,
993 2808 1237 2888 frumentomm,
1261 2831 1392 2893 quorum
1452 2819 1453 2826 ’

168 2935 323 2981 numerus
352 2915 522 2997 singularis
557 2915 589 2977 in
624 2933 686 2978 usu
721 2918 771 2978 est
804 2934 861 2998 pro
889 2916 1005 2998 plurali
1040 2915 1077 2980 cf.
1101 2917 1236 2981 Krilmer
1264 2919 1285 2981 l.
1308 2938 1333 2983 o.
1361 2917 1392 2982 Π

167 3041 198 3104 p.
221 3030 263 3087 47
273 3039 319 3103 sq.
366 3019 429 3085 Sed
459 3040 532 3084 cum
562 3021 690 3085 omnino
721 3040 800 3103 opus
831 3022 874 3084 sit
905 3022 989 3085 huno
1014 3023 1069 3104 qui
1091 3024 1277 3106 perhibetur
1301 3044 1392 3090 usum

167 3145 391 3209 recognoscere
420 3129 453 3191 et
482 3127 559 3192 locis
584 3127 765 3191 accuratius
797 3127 957 3192 distinctis
981 3128 1084 3193 denuo
1108 3131 1323 3212 perlustrare,
1358 3133 1391 3195 ιιι

170 3234 225 3314 qni
247 3233 327 3298 fines
352 3233 416 3297 sint
440 3233 508 3298 eius
531 3252 611 3298 usus
636 3235 867 3310 constituatur,
891 3238 962 3299 tum
985 3236 1121 3301 manime
1145 3237 1204 3301 hoc
1228 3255 1305 3303 sane
1328 3240 1391 3303 loco
1452 3243 1453 3300 i

168 3339 249 3404 nihil
272 3340 357 3422 cogit
379 3340 417 3402 ιιι
439 3338 515 3402 citis
531 3340 569 3404 de
592 3342 746 3423 pluribus,
769 3342 887 3406 nonde
912 3360 976 3406 una
999 3341 1212 3425 intellegatur.
1242 3344 1296 3409 Itu
1312 3344 1392 3427 quod
1452 3393 1454 3424 ς

169 3445 269 3510 semel
291 3445 329 3508 fit
351 3445 385 3508 in
408 3463 473 3509 una
496 3445 579 3523 vite,
608 3446 641 3511 id
671 3450 756 3512 certe
781 3467 875 3530 saepe
897 3448 967 3512 fieri
989 3450 1096 3531 potest
1117 3451 1288 3533 permultis
1311 3453 1392 3529 locis,
1452 3471 1454 3482 ⁴

168 3551 224 3616 sed
257 3569 383 3634 semper
414 3552 447 3615 in
478 3571 542 3616 una
570 3551 623 3628 fit,
658 3571 739 3635 quae
762 3553 865 3617 vidua
886 3555 1048 3624 ncscdur.
1083 3574 1146 3620 non
1169 3557 1202 3620 in
1225 3559 1392 3640 permultis

168 3657 312 3723 eiusdem
341 3657 402 3723 loci
430 3657 565 3736 vitibus,
595 3659 679 3724 sicut
708 3660 742 3722 in
769 3662 900 3744 stropha
929 3680 1003 3726 cum
1033 3682 1095 3727 uno
1120 3662 1295 3745 eodemque
1319 3665 1392 3754 ilore

168 3783 234 3828 una
268 3764 443 3846 eademque
478 3765 566 3848 virgo
600 3765 634 3830 ιιι
669 3765 787 3849 duplici
815 3770 900 3832 sorte
928 3772 1139 3852 comparatur.
1192 3769 1392 3837 Vocabulum

170 3873 280 3936 autem
298 3859 442 3966 ‘viduus‘
469 3873 554 3936 certe
577 3872 637 3937 hoc
659 3874 727 3937 loco
743 3874 807 3938 iam
825 3877 969 3939 consulto
986 3876 1245 3941 accommodatur
1268 3881 1394 3961 apoeta

168 3976 357 4061 oppositioni
379 3996 436 4060 per
459 3978 585 4042 ulmum
608 3979 759 4043 maritam
783 3979 895 4057 iactae,
919 4001 1001 4063 quae
1024 3982 1282 4065 insequentibus
1306 3984 1393 4050 effer-

167 4086 235 4162 tur,
271 4084 327 4148 sed
358 4103 431 4150 cum
454 4083 572 4150 habeat
594 4088 712 4150 natura
736 4104 795 4150 sua
819 4105 950 4152 sensum
974 4089 1174 4171 ampliorem,
1207 4089 1278 4172 ipsa
1302 4092 1394 4156 collo-

168 4188 291 4254 catione
322 4190 356 4253 in
384 4190 475 4254 initio
503 4191 651 4255 notatum
674 4191 706 4254 id
728 4192 775 4255 ita
798 4193 1071 4270 accommodatur,
1106 4196 1144 4258 ut
1166 4195 1303 4278 amplior
1326 4198 1393 4262 eins
1452 4249 1453 4278 p
