2928 4724
578 183 737 272 „GL

130 373 225 436 Idem
254 371 376 436 factum
407 372 456 434 est
484 370 621 433 maxime
658 370 691 433 in
724 371 1028 453 comparationibus,
1064 372 1153 436 velut
1188 374 1275 456 apud

41 479 234 561 Sophoclem
251 477 312 544 OC.
332 484 550 542 1239-1244
572 477 652 540 haec
676 479 818 540 exstant:
842 473 875 540 ἐν
898 459 923 564 ᾧ
945 475 1100 560 τλάμων
1122 467 1192 558 t'd',
1216 476 1277 544 οὐκ

41 583 103 668 ἐγὼ
127 583 242 666 μόνος,
278 583 444 648 πάντοθεν
472 581 600 668 βόρειος
629 584 674 658 ὥς
703 605 755 659 τις
783 581 868 646 ἀκτὰ
890 583 1106 670 κυματοπλὴξ
1127 581 1275 670 χειμερία

40 691 216 770 κλονεῖται,
254 689 298 768 ὣς
332 688 388 755 καὶ
423 689 541 754 τόνδε
576 677 653 753 κατ’
679 687 782 776 ἀκρας
815 687 917 754 δειναὶ
947 694 1165 774 κυματοαγεῖς
1194 687 1276 755 duci

40 796 226 862 κλονέουσιν
253 795 304 862 ἀεὶ
333 795 502 875 ξυνοῦσαι·
537 796 592 860 ubi
615 795 727 859 Nauck
756 798 827 878 apte
858 797 994 860 contulit
1022 797 1114 861 Hom.
1138 799 1171 862 Δ
1190 806 1276 864 433:

44 911 182 990 Τρῶες
205 892 252 982 d',
276 905 321 981 ὣς
343 891 379 966 τ’
397 899 461 979 ὄιες
484 901 720 986 πολυπάμονος
743 901 858 989 ἀνδρὸς
880 901 914 967 ἐν
932 901 1017 992 αὐλῇ
1039 899 1154 991 μυρίαι
1178 901 1274 992 ἑστή-

40 1032 136 1075 κασιν
161 1009 375 1094 ἀμελγόμεναι
399 1009 484 1094 γάλα
508 1009 628 1089 λευκόν,
653 1008 767 1096 ἀζηχὲς
788 1012 978 1092 μεμακυῖαι,
1003 1009 1179 1076 ἀκούουσαι
1202 1006 1274 1075 ὄπα

40 1116 154 1200 ἀρνῶν,
179 1115 225 1193 ὣς
244 1117 388 1202 Τρώιον
410 1115 573 1202 ἀλαλητὸς
588 1115 648 1180 ἀνὰ
663 1116 802 1201 στρατὸν
817 1114 907 1201 εὐρὺν
922 1113 1046 1202 ὀρώρει,
1071 1118 1151 1182 adde
1172 1141 1189 1180 ν
1210 1126 1274 1182 81:

40 1227 58 1311 ἡ
96 1212 132 1289 d’
176 1226 233 1308 (=
249 1224 344 1311 νηῦς),
368 1225 412 1300 ὥς
434 1211 556 1302 τ’...,
580 1220 625 1299 ὣς
647 1220 712 1308 ἀρα
739 1233 813 1310 τῆς
834 1222 964 1310 πρύμνη
992 1221 1051 1306 μὲν
1073 1220 1197 1309 ἀείρετο

41 1331 102 1396 Sed
128 1351 168 1396 ea
193 1333 357 1394 structura
380 1349 399 1394 a
422 1331 525 1413 priore
549 1330 624 1393 talis
649 1330 808 1394 enuntiati
829 1333 930 1413 parte,
960 1350 1023 1395 uon
1048 1350 1066 1394 a
1089 1332 1274 1413 posteriore,

39 1442 75 1503 ut
98 1440 199 1520 vulgo
230 1438 282 1513 fit,
314 1438 453 1520 spectari
482 1437 584 1501 debet.
631 1437 776 1502 Conexus
801 1437 886 1501 enim
909 1456 1017 1501 rerum
1042 1438 1190 1501 etunius
1215 1439 1273 1501 ali-

40 1545 130 1608 cuius
162 1545 301 1608 notionis
331 1545 502 1626 praecipua
530 1545 578 1607 vis
607 1544 640 1607 in
669 1544 719 1607 his
748 1544 826 1607 locis
854 1545 1014 1626 postulat,
1048 1548 1085 1609 ut
1118 1545 1151 1608 in
1181 1545 1273 1609 initio

40 1652 140 1716 totius
176 1651 299 1734 periodi
333 1651 373 1714 ad
397 1669 468 1714 eam
498 1669 566 1714 rem
589 1650 798 1732 prodendam,
829 1651 866 1714 de
898 1670 962 1732 qua
985 1651 1123 1728 dicatur,
1159 1653 1238 1716 stati

39 1778 157 1822 nomen
175 1757 305 1839 aliquod
328 1751 506 1833 collocetur,
530 1757 586 1820 sed
603 1758 678 1838 quia
702 1759 836 1840 scriptor
851 1759 980 1822 veretur
996 1777 1107 1822 casum
1131 1760 1272 1840 aliquem

40 1866 210 1946 obhquum
232 1883 384 1946 reponere
407 1864 504 1927 nimis
528 1881 547 1927 a
570 1865 665 1928 verbo
690 1864 867 1928 dominanti
889 1867 1058 1942 remotum,
1082 1867 1191 1948 utpote
1217 1867 1273 1948 qui

39 1991 94 2054 per
123 1991 159 2036 se
190 1972 298 2034 minus
330 1971 513 2053 spectabilis
543 1971 706 2047 videatur,
740 1972 856 2036 idcirco
890 1991 958 2035 rem
986 1972 1112 2036 nomine
1136 1991 1193 2036 suo
1218 1992 1275 2056 ap·

39 2079 149 2161 pellat,
187 2078 272 2160 quod
305 2097 422 2142 nomen
457 2081 495 2141 ut
525 2080 707 2142 structurae
739 2080 855 2142 rationi
878 2079 982 2143 denuo
1007 2079 1273 2157 accommodetur,

39 2189 152 2268 postea
177 2187 279 2250 curat.
323 2184 425 2248 Paulo
455 2184 644 2248 insolentius
669 2187 701 2248 et
724 2185 872 2248 licentius
903 2203 940 2248 ac
962 2186 1071 2248 tamen
1095 2185 1271 2249 secundum

39 2297 195 2356 naturam
230 2290 405 2354 formatum
433 2290 466 2354 id
497 2292 709 2355 anacoluthon
739 2292 823 2374 apud
846 2291 1022 2356 Homerum
1046 2294 1109 2368 est,
1145 2293 1275 2373 quoda

42 2399 199 2482 Sophocle
231 2399 393 2479 eleganter
422 2397 583 2461 mollitum
606 2399 670 2472 est,
706 2399 781 2479 quia
804 2399 892 2462 verbi
915 2398 1028 2480 prioris
1053 2399 1155 2462 forma
1180 2398 1274 2494 tato-

41 2493 158 2570 νεῖται’
186 2506 316 2586 propter
339 2504 553 2568 collocationis
569 2503 767 2568 vicinitatem
790 2523 854 2568 non
877 2507 1036 2588 repugnat
1058 2506 1273 2580 nominativo;

42 2613 152 2676 eodem
185 2611 399 2675 collocationis
429 2611 603 2674 lenimento
633 2629 729 2674 usum
759 2630 828 2675 esse
859 2611 1005 2676 videmus
1028 2613 1272 2694 Xenophontem

44 2719 130 2784 Hier.
154 2718 204 2782 IV
232 2727 266 2783 6:
291 2718 401 2802 ὥσπερ
425 2713 456 2781 ολ
483 2714 630 2803 ἀθληταὶ
650 2714 706 2798 οάχ
725 2717 803 2781 ὅταν
825 2713 965 2782 ἰδιωτῶν
988 2715 1141 2801 γένωνται
1164 2714 1273 2804 κρείτ-

41 2849 123 2904 τους,
148 2835 246 2890 τοῦτο
269 2823 386 2900 αὐτοὺς
408 2819 582 2910 εὐφραίνει,
606 2811 679 2888 ἀλλ)
699 2823 777 2888 ὅταν
799 2837 864 2888 τῶν
880 2823 1125 2908 ἀνταγωνιστῶν
1148 2825 1272 2912 ἥττους,

41 2923 133 2998 τοῦτ’
153 2930 271 3008 αὐτοὺς
293 2929 386 3017 ἀνιᾷ·
422 2930 505 2995 οὕτω
535 2929 592 2994 καὶ
615 2930 633 2995 ὁ
656 2930 817 3017 τύραννος,
841 2931 920 2995 ὅταν
943 2980 1004 3009 ...,
1034 2918 1109 2995 τότἱ
1134 2926 1274 3017 εὐφραί-

41 3063 146 3118 νεται,
178 3026 254 3102 ἀλλ’
280 3037 358 3103 ὅταν
382 3086 441 3118 ...,
465 3037 569 3122 τούτῳ
592 3037 762 3117 λυπεῖται,
796 3039 914 3102 ibidem
937 3038 985 3101 VI
1011 3047 1067 3103 15:
1096 3039 1207 3123 ὥσπερ
1237 3053 1276 3121 γε

42 3145 97 3211 καὶ
112 3147 226 3222 ἵππος
241 3141 271 3210 εὶ
285 3143 413 3228 ἀγαθὸς
434 3141 494 3226 μὲν
516 3139 575 3230 εἴη,
599 3145 738 3232 φοβερὸς
762 3142 805 3224 δέ,
829 3146 874 3232 μὴ
898 3143 1069 3232 ἀνήκεστόν
1090 3167 1124 3208 τι
1140 3143 1272 3231 ποιήσῃ,

41 3253 194 3332 χαλεπῶς
215 3250 275 3334 μὲν
297 3250 335 3315 ἀν
357 3274 409 3328 τις
431 3249 529 3315 αὐτὸν
543 3247 738 3315 ἀποκτείναι
761 3251 817 3316 διὰ
839 3253 896 3338 τὴν
918 3249 1041 3337 ἀρετήν,
1063 3250 1215 3331 χαλεπῶς
1236 3249 1276 3315 δὲ

44 3359 139 3438 ζῶντι
161 3359 275 3448 χρῷτο,

132 3467 193 3530 His
223 3467 322 3548 igitur
351 3466 418 3530 eius
447 3485 527 3530 usus
556 3466 705 3548 exemplis
736 3464 936 3531 Catullianae
973 3467 1154 3529 structurae
1189 3465 1275 3528 ratio

44 3573 200 3638 firmatur.
245 3574 295 3646 lbi
323 3573 450 3637 nullum
481 3576 530 3637 est
554 3574 769 3637 anacoluthon
800 3573 867 3637 eius
897 3573 1059 3646 licentiae,
1093 3590 1150 3654 per
1174 3589 1272 3652 quam

46 3699 137 3744 casus
169 3681 208 3744 ab
237 3699 272 3744 eo
303 3682 359 3762 qui
383 3699 402 3743 a
424 3681 512 3744 verbi
542 3681 681 3744 rectione
706 3681 842 3762 exigitur
866 3680 1010 3743 diversus
1035 3679 1196 3742 adhibitus
1221 3679 1272 3754 sit,

46 3787 99 3850 sed
123 3787 264 3851 ambitus
288 3788 353 3851 sive
377 3787 498 3870 periodi
520 3786 622 3850 forma
644 3788 814 3869 paululum
836 3789 965 3850 tantum
995 3805 1014 3849 a
1037 3786 1161 3867 vulgari
1184 3803 1291 3876 more*

47 3893 231 3970 deohnatur,
256 3913 353 3975 quam
376 3894 512 3958 formam
535 3895 750 3958 membrorum
774 3894 934 3958 distinctio
963 3893 1023 3957 coli
1046 3892 1130 3974 quod
1153 3891 1274 3955 dicitur

48 4001 134 4081 signo
164 4000 250 4064 facta
280 4001 442 4065 commode
473 4002 512 4065 ob
540 4002 647 4065 oculos
670 4001 774 4083 ponit,
805 4019 869 4083 qua
897 4001 932 4064 L.
963 4001 1080 4064 Miller
1108 4016 1187 4061 usus
1211 3998 1272 4060 est.

51 4105 108 4171 Sed
137 4110 295 4173 commate
325 4109 453 4172 tantum
483 4110 556 4190 post
581 4106 743 4189 flaccillam
772 4129 801 4172 v.
825 4116 866 4174 52
900 4105 1162 4188 distinguendum
1193 4105 1272 4168 erat.

49 4211 135 4279 Unus
171 4215 257 4278 enim
293 4218 342 4280 est
376 4215 498 4279 duobus
528 4217 680 4280 membris
710 4215 905 4280 secundariis
936 4233 973 4278 ex
1004 4232 1105 4294 aequo
1129 4212 1213 4274 inter
1237 4229 1273 4274 se
