2928 4724
30 426 157 508 propter
187 423 376 488 inanitatem
406 423 474 488 eius
503 423 638 506 epitheti
669 443 687 487 a
724 423 923 489 Catullianae
958 425 1103 492 motionis
1137 427 1262 510 propri-

30 535 114 596 etate
145 549 276 614 prorsus
307 530 458 606 ahenam,
494 519 569 611 quia
591 530 624 593 id
648 531 735 594 omni
756 531 788 595 ri
812 534 914 608 caret,
948 532 982 596 in
1006 533 1074 597 eius
1099 533 1258 598 enuntiati

31 638 189 703 sententia
212 637 338 701 omnino
361 635 529 700 ferendum
551 655 615 700 non
638 655 718 702 esse.
765 637 828 701 Sed
851 639 912 702 hoc
935 638 1070 703 fortasse
1093 639 1195 704 levius
1211 639 1259 706 ri·

28 747 142 809 deatur
166 745 194 808 si
219 744 329 826 quiin
352 743 471 807 talibus
494 744 589 808 rebus
613 743 690 824 quid
721 745 833 826 poetae
857 747 1107 810 consentaneum
1136 746 1178 810 sit
1201 749 1258 811 aut

29 852 104 934 quid
126 850 310 916 inauditum
334 850 491 914 securiore
516 850 655 931 quadam
679 851 786 914 mente
810 850 961 915 iudicant.

115 957 241 1040 Nempe
270 956 347 1037 quid
378 975 434 1038 per
464 975 497 1020 se
527 956 655 1039 planius
689 958 722 1020 et
745 956 921 1040 simplicius
945 957 1006 1022 dici
1029 959 1135 1041 potest
1159 977 1257 1040 quam

29 1065 104 1128 illud
127 1066 277 1143 carptum
298 1061 409 1140 florem
432 1061 654 1140 deflorescere?
699 1066 746 1127 Aa
769 1066 877 1127 tamen
901 1082 1052 1147 magnam
1074 1065 1195 1130 habent
1218 1085 1259 1131 ea

29 1173 121 1236 rerba
147 1170 325 1235 sententiae
350 1168 554 1233 offensionem
584 1170 617 1232 in
641 1188 677 1232 eo
701 1169 756 1250 qui
779 1170 831 1234 bic
854 1171 905 1234 est
931 1189 1041 1234 rerum
1065 1172 1200 1249 conexu,
1228 1173 1257 1236 si

28 1281 58 1342 et
80 1295 195 1342 versus
214 1277 385 1360 insequens
411 1278 442 1340 et
466 1276 710 1358 comparationis
733 1277 781 1340 vis
805 1277 951 1357 ratioque
974 1277 1195 1358 inspiciuntur.

113 1383 201 1462 Quid
231 1383 342 1448 enim?
377 1384 505 1464 carptus
528 1381 586 1446 fios
610 1383 717 1446 oculos
746 1384 778 1446 et
802 1401 914 1446 sensus
944 1402 1007 1447 non
1038 1384 1178 1466 amplius
1201 1385 1256 1449 de-

26 1492 124 1555 lectat
164 1489 355 1572 possidentis
402 1491 435 1552 et
474 1489 654 1552 servantis?
714 1491 758 1553 At
800 1491 891 1584 tputa
928 1487 1039 1554 florem
1072 1526 1116 1536 —
1150 1491 1256 1572 inquit

26 1598 192 1662 Baehrens
216 1632 267 1671 -‚
299 1613 394 1676 quem
419 1595 484 1658 iam
507 1594 621 1659 nolunt
643 1596 734 1677 pueri
756 1596 954 1678 puellaeque,
979 1597 1139 1660 abiectum
1162 1598 1257 1662 nimi-

26 1725 94 1767 rum
117 1705 154 1767 in
178 1705 265 1766 terra
288 1689 472 1766 iacentem'.

112 1809 179 1874 Sed
212 1809 352 1874 inculcat
384 1827 421 1871 ea
458 1809 623 1891 explicatio
662 1808 748 1872 aliud
779 1827 912 1872 acumen
950 1811 1126 1874 sententiae
1158 1814 1254 1892 atque

26 1919 194 1981 verborum
225 1915 299 1979 ordo
330 1918 363 1978 et
393 1915 440 1979 vis
468 1915 620 1981 concedit.
665 1915 749 1978 Nam
773 1916 912 1997 primum
936 1916 991 1979 ubi
1014 1916 1052 1980 de
1078 1917 1198 1982 abiecto
1223 1920 1255 1982 et

25 2025 112 2088 humi
138 2023 262 2087 iacente
291 2019 367 2084 flore
392 2021 568 2103 quidquam
592 2022 642 2085 vel
666 2022 783 2085 dicitur
814 2023 864 2086 vel
888 2022 1109 2104 significatur?
1155 2023 1253 2089 Porro

24 2149 92 2193 eam
117 2128 329 2204 sententiam,
358 2128 391 2190 in
424 2146 487 2208 qua
517 2128 668 2210 primaria
692 2128 739 2191 vis
764 2129 922 2205 consistit,
953 2129 1036 2210 quod
1059 2130 1139 2193 nulli
1162 2131 1253 2213 pueri

24 2238 213 2318 puellaeque
237 2235 336 2298 talem
359 2233 477 2309 florem,
502 2235 605 2316 qualis
630 2237 725 2298 antea
748 2235 953 2316 significatur,
978 2237 1115 2318 amplius
1132 2239 1253 2320 optant,

25 2342 188 2407 Baehrens
218 2343 343 2404 inverso
375 2339 482 2403 ordine
515 2340 737 2404 secundariam
768 2340 844 2405 fecit
868 2341 1052 2423 addiditque
1076 2343 1143 2425 ipse
1167 2345 1251 2408 ultro

24 2467 90 2512 eam
115 2467 187 2512 rem
210 2450 378 2528 tamquam
401 2446 616 2530 praecipuam,
641 2465 738 2528 quam
761 2466 847 2512 mere
872 2448 1069 2530 excogitavit.

108 2555 198 2619 Flori
221 2554 319 2635 igitur
342 2554 375 2617 in
399 2553 518 2635 saeptis
543 2554 643 2618 hortis
667 2554 812 2618 nascenti
835 2553 890 2635 qui
913 2555 1002 2617 nulla
1026 2556 1057 2618 ri
1081 2557 1186 2620 laesus
1210 2557 1251 2620 ad

24 2662 273 2744 pulcherrimam
302 2660 448 2743 pervenit
471 2659 698 2742 perfectionem
722 2697 764 2706 -
789 2679 826 2724 ea
850 2661 934 2724 enim
958 2661 1195 2726 describebatur
1218 2663 1251 2726 in

24 2788 114 2832 versu
149 2769 266 2832 amisso
296 2770 411 2848 quarto
436 2802 477 2812 -
502 2769 535 2829 et
564 2766 670 2849 pueris
693 2766 872 2849 puellisque
903 2766 1007 2831 factus
1040 2770 1089 2830 est
1113 2770 1250 2851 optatus,

22 2873 102 2938 idem
135 2874 194 2938 flos
219 2873 387 2956 opponitur
414 2871 520 2936 teaals
544 2873 652 2954 aliqua
675 2872 796 2954 arquis
819 2873 912 2954 culpa
935 2872 1163 2938 deflorescens:
1198 2875 1250 2938 cui

23 2980 252 3064 comparationi
275 2998 325 3044 res
349 2980 418 3062 ipsa
443 2979 611 3044 adhibetur
642 2980 674 3042 in
698 2980 842 3043 rensibus
866 2980 1016 3061 proximis
1039 2979 1141 3045 hisce:

134 3095 176 3151 45
201 3083 255 3150 Sr'e
277 3086 374 3167 vquo,
399 3085 476 3148 dura
499 3085 621 3148 r'rrtaeta
645 3090 760 3162 marcet,
785 3085 860 3148 dam
884 3105 963 3148 cara
985 3086 1054 3148 suis
1077 3089 1136 3163 eet;

204 3189 285 3256 Oura
308 3193 430 3254 caetera
454 3191 566 3254 amisit
586 3189 707 3270 polluto
730 3200 857 3271 corpore
878 3191 998 3270 florem,
1045 3277 1046 3284 ἵ

200 3297 268 3362 Neo
284 3298 400 3378 pueris
423 3297 563 3360 lacuaria
585 3303 699 3374 maaet,
724 3317 780 3362 aec
803 3318 882 3362 cara
899 3297 1029 3378 portellis.

22 3405 110 3470 Idem
146 3407 256 3470 autem
289 3405 348 3468 flos
384 3405 556 3486 eademque
587 3406 673 3486 virgo
709 3405 928 3486 significantur
959 3406 1140 3488 similesque
1175 3426 1249 3472 oon·

21 3511 176 3589 dicioneS,
207 3531 287 3593 quae
319 3512 474 3575 similibus
506 3511 681 3575 efferuntur
713 3513 903 3576 notionibus.
949 3511 1001 3576 Ita
1028 3513 1113 3577 inter
1142 3533 1175 3577 se
1198 3533 1248 3578 rc-

23 3619 178 3700 spondent
194 3637 231 3682 ex
247 3619 347 3682 altera
362 3621 452 3701 parte
476 3621 630 3697 optavere,
654 3637 691 3682 ex
707 3619 808 3682 altera
830 3618 969 3681 locanda
992 3623 1098 3681 maaet
1121 3622 1154 3683 et
1169 3639 1248 3684 αανα

22 3725 89 3788 saa
112 3729 158 3789 est
165 3745 177 3801 ;
206 3743 298 3807 porro
323 3723 470 3802 defloruit
502 3726 534 3788 et
556 3727 677 3787 castam
701 3723 812 3786 amisit
833 3724 961 3803 florere·
998 3725 1133 3806 denique
1157 3743 1249 3790 voca-

23 3832 132 3896 bulum
164 3830 289 3895 intacta
313 3849 462 3912 —quae
494 3833 581 3895 notio
610 3832 784 3896 transitum
814 3831 892 3895 facit
915 3831 955 3894 ad
979 3833 1246 3914 comparationem

23 3940 65 4002 rei
88 3939 223 4018 ideoque
248 3937 407 4019 duplicem
431 3938 529 4001 habet
553 3938 742 4002 relationem
766 3971 807 3984 -
832 3955 888 4019 per
912 3939 1150 4002 collocationem
1174 3956 1247 4000 con-

25 4045 155 4107 trarium
177 4043 215 4106 fit
239 4043 454 4125 superioribus
477 4044 541 4107 illis
564 4044 653 4107 terrai
669 4048 800 4123 carptas
823 4043 925 4123 arqui
949 4046 981 4106 et
1003 4044 1153 4125 proximis
1174 4041 1245 4123 pol-

24 4145 85 4212 lrto
106 4169 245 4230 corpore.
291 4151 451 4214 Accurata
481 4150 580 4232 igitur
604 4150 836 4214 sententiarum
868 4155 900 4212 et
928 4149 1093 4212 notionum
1123 4150 1155 4212 in
1184 4149 1246 4213 hac

25 4257 151 4339 stropha
173 4256 344 4339 responsio,
369 4257 498 4338 qualem
522 4258 600 4321 item
623 4257 656 4320 in
673 4255 875 4338 antistropha
897 4254 1104 4331 inveniemus,
1129 4255 1248 4319 evincit

73 4377 178 4426 Weber,
193 4377 339 4426 concellanea
353 4377 497 4419 cantilenae.
1013 4361 1030 4412 5
