2928 4724
712 182 870 274 A.

181 373 430 439 In-Tibullianis
455 379 492 437 ea
515 371 631 436 loeutio
654 390 719 435 non
743 371 861 446 exstat,
892 369 925 432 in
948 367 1105 450 Propertii
1136 369 1275 454 earmina
1297 367 1332 430 Π
1361 375 1396 431 lo
1450 371 1451 402 ³

182 481 238 563 (=
260 480 311 543 ΠΙ
337 490 352 544 1
377 479 426 561 L.)
449 479 487 542 fit
508 477 636 541 initium
661 477 778 558 elegiae
803 478 860 539 ant
882 477 967 540 eerte
998 475 1071 538 novi
1104 473 1262 538 enuntiati
1291 490 1395 554 apar-
1444 475 1451 515 '¹³

182 587 288 663 tioula,
312 605 376 667 qua
399 585 461 649 alia
492 603 526 648 re
557 584 657 647 missa
686 583 726 646 ad
756 582 853 646 aliam
880 599 995 644 novam
1025 581 1197 655 transitur,
1231 598 1311 660 quae
1340 580 1396 642 iam

181 693 313 756 traotari
337 692 465 756 debeat:

361 795 424 862 Sed
446 802 569 876 tempas
591 795 730 859 lastrore
753 793 831 858 aliis
854 793 1013 858 Helieoaa
1036 793 1165 870 choreis,

402 903 448 966 Et
470 922 618 982 oampam
640 899 793 964 Emaibio
815 900 883 962 iam
906 899 984 963 dare
1006 903 1129 977 tempas
1151 887 1255 978 eqaosr

185 1011 258 1075 Non
282 1029 350 1076 esse
375 1010 511 1092 amplius
535 1008 725 1072 morandum
747 1008 781 1070 in
805 1008 905 1071 altero
928 1007 996 1071 looo
1020 987 1192 1098 dieiturrfffl
1216 1012 1288 1090 5,'9
1299 1023 1344 1085 sq.

359 1115 457 1180 Naar
480 1120 524 1179 esi
546 1116 600 1178 ira
623 1133 740 1191 roceas,
763 1132 849 1178 aaae
871 1117 916 1176 esi
938 1112 1097 1177 discedere
1119 1111 1257 1195 tempas:

403 1220 441 1287 Si
464 1221 552 1286 oiolor
574 1221 703 1302 afuerit,
727 1219 824 1296 erede,
848 1219 964 1284 redibit
986 1239 1085 1283 amor.

184 1329 302 1394 Similis
325 1331 412 1394 notio
437 1331 486 1392 est
508 1329 623 1392 horam
645 1328 786 1392 iooorum
808 1326 918 1390 Plauti
940 1327 1035 1391 Most.
1058 1346 1086 1390 v.
1111 1335 1184 1402 714,
1211 1325 1266 1389 ubi
1288 1324 1396 1388 Tranio
1448 1395 1449 1410 ξ

183 1454 291 1500 seeum
314 1437 381 1518 ipse
406 1435 581 1498 oolloautus
605 1434 643 1498 de
668 1453 742 1498 sene
766 1433 870 1516 pergit
894 1433 956 1496 sia:

364 1541 502 1621 Tempus
524 1559 610 1604 aaae
633 1541 678 1603 e‘st
699 1558 803 1603 semem
825 1538 909 1602 baao
933 1537 1063 1619 adaque
1087 1538 1174 1602 mibi.

183 1650 216 1711 e't
232 1649 270 1710 ‘in
294 1648 432 1712 Terentii
455 1647 570 1711 Heaut.
593 1667 621 1710 v.
647 1654 785 1727 168sqq.
831 1645 1008 1710 Chremetis
1032 1646 1129 1710 verba
1151 1646 1244 1709 haee:

780 1753 833 1815 se'i.
847 1756 884 1814 ai
907 1751 972 1814 diei
994 1752 1116 1832 ie'mpas
1138 1755 1190 1829 est,

364 1859 513 1940 Tempast
535 1879 660 1924 moaere
682 1879 731 1922 me
753 1858 836 1922 auae
858 1858 1001 1922 oioiaam
1023 1857 1198 1934 Pbaaiam,

358 1966 415 2029 Ad
437 1965 547 2030 remam
568 1969 605 2028 ai
626 1965 742 2028 verrini.

181 2072 245 2137 Ubi
277 2073 444 2137 eBentlei
475 2073 657 2137 oonieotura
687 2072 832 2136 additum
862 2075 912 2135 est
935 2071 1084 2151 Tempust
1113 2071 1230 2136 sebolio
1249 2071 1396 2135 Bembina

185 2178 416 2244 confirmatum.

1445 1690 1451 1771 ξ

1444 1971 1451 2019 i

1445 2024 1449 2069 !

270 2287 377 2366 Atque
401 2285 434 2347 iu
457 2304 550 2367 prosa
574 2286 715 2350 oratione
746 2304 783 2348 ea
806 2285 922 2350 leontio
952 2285 1036 2348 idem
1063 2284 1156 2348 valet.
1202 2285 1297 2367 Apud
1328 2283 1396 2350 Cor·
1447 2364 1448 2380 ,

180 2391 302 2454 nelium
325 2390 404 2473 Nep.
429 2390 657 2467 Datam.11,1
684 2391 885 2454 Mithridates
908 2392 1068 2473 persuasit
1082 2390 1212 2454 Datami
1236 2391 1296 2455 sibi
1319 2410 1397 2455 eom·
1446 2445 1449 2467 ,,

183 2514 280 2560 mune
304 2497 411 2561 odium
443 2515 511 2561 esse
544 2517 617 2562 oum
639 2498 694 2561 illo
717 2499 750 2561 in
781 2516 898 2578 regem.
943 2495 986 2560 Io
1015 2517 1086 2560 eam
1114 2497 1196 2560 sotis
1224 2517 1257 2561 se
1287 2496 1394 2577 eoafir·
1446 2514 1449 2527 ·

183 2619 286 2665 masse
309 2601 488 2665 arbitratas
510 2607 563 2679 esi,
586 2603 747 2666 certiorem
761 2603 843 2683 feeit
857 2601 1019 2666 Datamea
1034 2606 1155 2685 tempas
1178 2623 1242 2668 esso
1265 2605 1397 2668 maiores

182 2709 337 2772 exercitas
352 2709 476 2788 parari
499 2714 527 2774 ei
557 2708 671 2774 boiam
702 2729 772 2772 eam
802 2710 871 2789 ipso
898 2729 968 2790 repe
994 2709 1130 2789 sarseipi,
1160 2730 1198 2776 ea
1228 2711 1266 2775 (le
1296 2729 1395 2786 eausa,

181 2816 257 2897 quie
281 2817 359 2879 setis
383 2817 437 2879 diu
460 2819 526 2881 iam
549 2818 737 2882 seditionem
759 2821 933 2900 parassent.
958 2854 1001 2863 —-
1025 2817 1183 2882 Ciceronis
1210 2820 1244 2882 hi
1268 2819 1396 2884 afferan-

181 2926 234 2986 tur
257 2923 333 2988 looi:
357 2924 430 3006 Top.
453 2925 470 2987 Ι
495 2934 523 3002 5,
547 2925 602 2988 ubi
624 2925 821 3007 prooemium
844 2923 884 2988 ael
907 2923 941 2988 C.
964 2924 1148 2988 Trebatium
1179 2925 1308 3002 datum,
1341 2943 1396 3010 quo

181 3029 337 3111 eopiosius
367 3033 509 3113 exponit,
533 3050 589 3094 our
622 3036 654 3094 et
685 3031 839 3112 quomodo
869 3031 954 3094 buno
983 3031 1125 3094 libellum
1156 3034 1335 3115 scripserit,
1349 3031 1397 3109 {sio

181 3137 356 3200 oonoludit:
379 3136 435 3199 seri
456 3137 524 3200 iam
546 3142 670 3217 tempas
693 3142 737 3199 esi
760 3136 804 3199 ad
825 3137 869 3215 id,
893 3136 977 3217 qaod
997 3137 1212 3216 iasiiiaimas,
1240 3141 1397 3214 ameriam

182 3240 220 3304 de
245 3260 287 3304 or.
310 3242 344 3305 Π
368 3252 419 3319 42,
445 3251 584 3325 180sq.:
608 3243 664 3307 sed
684 3248 790 3306 tamea
813 3243 893 3306 mibi
916 3242 1036 3306 videris
1059 3249 1132 3307 orate
1155 3249 1277 3325 tempas
1305 3269 1326 3310 a
1355 3263 1398 3308 mr

180 3346 336 3411 ratioaem
359 3347 484 3410 oroiiais
506 3353 534 3411 ei
557 3349 828 3428 disponendarum
850 3370 958 3413 reram
981 3350 1153 3430 requisisse
1160 3376 1170 3431 ‚·
1196 3372 1274 3415 aam
1297 3353 1327 3416 si
1350 3370 1397 3434 epo

180 3473 302 3517 omaem
324 3455 389 3517 aim
411 3455 549 3518 oratoris
572 3456 608 3518 ia
632 3457 827 3536 arpameatis
850 3455 995 3520 otiare
1018 3457 1090 3536 ipsa
1111 3478 1170 3537 per
1198 3480 1231 3522 se
1262 3477 1395 3538 compro

171 3559 288 3624 'boaria
305 3561 492 3640 posuissem,
515 3564 638 3641 tempas
660 3566 737 3625 esset
759 3562 827 3625 iam
849 3561 887 3625 do
909 3562 1020 3625 ardiae
1036 3569 1292 3644 ornamentorum
1316 3569 1343 3629 ei
1365 3564 1397 3628 de

180 3665 390 3732 ooaloeoiioae
412 3667 541 3748 aliquid
562 3667 683 3746 dieram
706 3669 761 3731 sed
783 3688 854 3732 eam
877 3669 944 3732 tria
966 3669 1032 3731 siat
1055 3691 1076 3732 a
1098 3691 1147 3734 me
1163 3672 1340 3752 proposita,
1363 3670 1397 3734 dr

180 3793 244 3837 aao
267 3773 394 3852 dietam,
418 3795 488 3838 eam
512 3776 550 3838 de
572 3774 694 3839 daobas
716 3773 851 3856 reiiqais
875 3775 993 3852 dixero,
1017 3778 1169 3840 tamarit
1199 3777 1334 3859 denique
1363 3777 1396 3841 dr

180 3879 379 3962 dispoaeaoia
401 3885 465 3944 tota
489 3884 629 3946 oratiaae
651 3882 884 3962 preamium
908 3882 945 3946 of.
971 3892 1025 3960 39,
1052 3893 1122 3949 162.
1160 3884 1252 3967 Apud
1276 3884 1397 3949 Livium

179 3985 228 4051 VI
254 3995 303 4065 18,
329 3995 368 4052 12
392 3988 434 4052 M.
458 3988 607 4066 Manlius,
632 3989 686 4070 qui
709 4007 854 4052 rreoeasos
877 3989 1034 4052 incitabat
1050 3988 1156 4069 piebis
1178 3992 1303 4054 animos
1319 3993 1349 4076 (ξ
1366 3990 1396 4072 5)

100 4125 103 4132 ν
180 4093 225 4157 sio
266 4095 386 4176 pergit:
428 4093 661 4176 qaaiesoaaqae
699 4095 792 4159 dares
836 4095 1014 4172 habaistis,
1063 4097 1295 4178 qaoieseaaqae
1334 4096 1397 4178 ipsi

177 4197 298 4279 fuistis,
322 4201 430 4264 omaia
445 4200 556 4279 adias,
581 4206 828 4282 paoaiaeaaqae
841 4203 974 4281 petistis,
997 4203 1179 4270 obiiaaistis
1201 4205 1234 4268 m'
1256 4225 1312 4269 sea
1332 4205 1396 4285 for-
