2928 4724
785 155 804 212 8

715 235 871 246 --.,--ι

178 339 306 424 strophe
328 341 409 424 eeipt
431 339 532 406 818881
554 339 647 404 ibren
669 338 786 420 181811,
822 339 896 424 dass
924 341 972 406 sic
1002 339 1177 406 8818118188
1200 341 1424 424 jomqfrauco

129 431 131 436 ⁸
177 447 303 530 881181,
333 449 366 513 11
397 449 446 512 881
476 465 512 513 88
542 447 581 512 118
609 446 799 525 8811881188,
830 466 910 530 quae
945 447 1037 514 188118
1075 449 1212 532 speciem
1242 449 1420 530 quandam

179 555 325 620 veritatis
348 555 465 620 habere
487 555 599 620 multis
622 554 785 632 81188188,
814 556 923 619 tamen
953 574 987 620 re
1010 556 1080 639 ipsa
1103 555 1300 620 considerata
1324 556 1420 620 nihil

179 662 297 726 881881.
343 659 449 740 and?
480 680 584 726 nonne
607 679 719 724 rursus
742 661 961 744 importunum
989 662 1050 726 dici
1078 661 1179 744 possit
1201 661 1280 726 haec
1307 663 1420 726 verba

180 767 222 831 ad
245 767 400 849 virginem
429 767 559 832 derecta
587 767 753 832 iuvenibus
784 768 957 836 tribuere?¹
993 767 1056 832 Sed
1085 787 1171 832 nunc
1198 767 1275 833 88118
1302 755 1420 834 habeo

181 873 265 956 siqui
293 873 554 938 81118888811881
582 892 634 938 888
664 873 705 937 81
736 875 925 955 argumenta
951 873 1044 938 modo
1074 874 1199 956 prolata
1229 875 1420 956 relegasse;

181 981 331 1046 hisvero
356 980 531 1063 significare
554 982 682 1044 tantum
705 980 801 1044 liceat
822 981 973 1045 iuvenum
997 981 1030 1046 et
1052 981 1233 1063 puellarum
1256 998 1310 1044 eas
1325 999 1419 1044 cra-

179 1087 282 1152 tiones
315 1086 489 1170 Sapphicae
512 1105 656 1170 poeseos,
686 1086 776 1152 cuius
806 1086 866 1150 hoc
897 1105 1025 1151 carmen
1054 1087 1233 1169 exemplum
1264 1105 1335 1152 8888
1363 1088 1418 1152 in·

181 1194 374 1276 corruptum
393 1194 488 1258 certis
519 1194 714 1275 argumentis
745 1193 1017 1276 comprobabitur,
1051 1193 1189 1258 facunda
1219 1195 1252 1258 ct
1281 1193 1418 1258 sincera

181 1299 329 1365 libertate
354 1298 487 1364 defendi.

268 1405 463 1471 Perventum
487 1405 572 1470 enim
595 1407 644 1470 est
665 1406 732 1469 iam
755 1409 794 1470 ad
818 1406 912 1470 aedes
934 1405 1051 1482 mariti,
1073 1405 1107 1468 in
1131 1423 1211 1487 quas
1233 1406 1417 1470 introitura

181 1514 335 1578 8818888
357 1513 467 1595 nupta.
513 1512 679 1577 Transitus
702 1514 811 1577 autem
834 1531 897 1577 888
920 1513 975 1577 illo
991 1531 1085 1578 88888
1109 1513 1256 1595 88881818
1281 1530 1300 1576 8
1324 1514 1416 1576 8188-

179 1618 252 1702 8118
287 1618 546 1683 antecedentibus
582 1618 623 1682 ad
656 1619 714 1682 has
748 1638 834 1684 nunc
867 1619 914 1683 ita
942 1619 995 1696 111,
1029 1621 1067 1682 81
1098 1619 1225 1682 omnino
1253 1618 1336 1682 nihil
1371 1618 1414 1682 ad

181 1743 335 1789 conexum
365 1724 447 1789 desit
478 1743 514 1789 88
540 1743 581 1789 88
611 1725 744 1807 cogitari
774 1725 902 1806 quidem
930 1725 998 1790 ulla
1029 1725 1092 1789 alia
1121 1725 1280 1790 sententia
1304 1725 1412 1789 inter-

181 1831 295 1896 cedens
311 1831 421 1914 possit.
467 1831 550 1896 Nam
574 1831 721 1897 laudibus
744 1850 897 1896 novorum
920 1831 1099 1914 coniugum,
1130 1849 1209 1912 quas
1229 1831 1264 1894 L.
1287 1831 1415 1896 Miller

179 1938 214 2002 18
237 1937 370 2021 praefat.
394 1938 468 2002 edit.
499 1956 576 2002 suae
605 1957 635 2020 8.
657 1937 769 2002 ΧΧΠΙ
792 1937 1006 2016 desiderabat,
1039 1939 1166 2003 nullum
1197 1939 1231 2003 in
1253 1938 1314 2001 hoo
1338 1957 1413 2002 car-

180 2044 266 2108 mine
289 2046 394 2109 locum
418 2063 486 2108 esse
515 2063 623 2109 rerum
651 2045 748 2110 series
773 2046 805 2110 81
828 2045 911 2110 88118
935 2045 1088 2122 ostendit,
1119 2045 1159 2110 ad
1183 2063 1263 2127 quas
1287 2047 1413 2109 cantus

179 2151 297 2216 alterni
319 2150 491 2234 pertinent.

271 2256 381 2322 Unum
409 2256 523 2322 18181
492 2260 543 2321 818
524 2257 603 2322 atim
632 2257 746 2322 addere
775 2259 879 2323 liceat.
924 2257 1065 2322 Versum
1089 2266 1130 2324 63
1155 2277 1171 2323 e
1200 2257 1413 2334 lectionesa,

182 2381 279 2446 quam
302 2364 398 2428 88188
412 2364 438 2427 Τ
452 2365 592 2447 8888181,
616 2383 635 2428 8
659 2383 722 2446 888
745 2364 859 2429 8811818
884 2383 1009 2446 quoqne
1026 2363 1052 2429 Ο
1069 2364 1167 2447 888181
1168 2383 1227 2429 888
1250 2365 1411 2447 originem

181 2470 344 2535 traxit-
361 2488 446 2534 nam
474 2469 576 2548 ine,
606 2474 645 2534 81
672 2470 842 2535 1818818818
870 2471 974 2548 libris,
1008 2471 1209 2554 interpolatio
1232 2470 1413 2536 8888118818

182 2578 297 2642 est-
323 2577 368 2642 sic
390 2577 529 2659 refingo·

358 2683 469 2748 Tertio
486 2683 598 2763 881818
613 2700 707 2763 pore,
731 2702 813 2762 pore
835 2688 880 2746 est
902 2683 981 2746 81818
1003 2637 1100 2747 tortio
1121 2683 1228 2762 matri,

179 2790 317 2856 maxime
349 2808 386 2856 ea
410 2790 448 2855 de
473 2809 583 2868 causa,
614 2790 689 2872 quia
710 2790 744 2852 in
767 2790 928 2873 superiore
951 2809 1047 2856 versu
1075 2790 1211 2855 iambis
1236 2790 1410 2960 811811811ιέ8

180 2897 261 2961 illud
292 2900 351 2975 881,
382 2897 466 2979 quod
495 2897 583 2961 1818
574 2917 609 2960 m
637 2895 740 2980 priore
770 2915 879 2960 versus
908 2899 999 2979 parte
1030 2897 1134 2962 omitti
1156 2897 1316 2962 debet—

182 2991 394 3069 commodum
421 2917 1409 3081 88888188.Β.18188111188881881.1881.-,88881881

179 3129 299 3176 norum
323 3110 427 3188 colon,
458 3128 520 3192 quo
542 3112 629 3193 88818
617 3110 673 3174 itio
697 3109 783 3174 iliius
806 3127 862 3192 per
893 3127 926 3174 88
957 3109 1099 3174 18181188
1123 3110 1343 3193 descriptionis
1366 3128 1409 3174 co

175 3219 274 3297 88818
295 3217 485 3293 instituitur,
509 3215 663 3299 superiori

587 3325 740 3402 8888818
758 3325 931 3403 8888811888
953 3327 998 3386 881

181 3449 265 3496 nexu
292 3429 440 3496 continuo
469 3447 527 3512 per
557 3430 692 3495 eundem
719 3448 830 3495 casum
860 3430 1045 3508 adhaereat,
1079 3449 1161 3494 8888
1184 3431 1407 3513 8818888888-

182 3537 252 3600 titio
276 3535 433 3601 88811881
455 3536 489 3600 18
513 3537 721 3618 sequentibus
743 3539 835 3601 muta
837 3539 872 3600 18
896 3539 1058 3602 structura
1086 3537 1188 3620 poscit
1188 3556 1235 3601 88.
1280 3536 1405 3602 Notum

180 3643 267 3706 enim
302 3643 395 3708 881
387 3663 420 3707 111
455 3644 692 3708 enumeratione
730 3644 871 3727 partium
908 3645 998 3709 88181
1034 3663 1142 3740 per
1146 3633 1245 3709 unus’
1306 3631 1402 3709 81188

199 3736 331 3813 tertius
357 3750 532 3814 orationem
555 3769 649 3833 saepe
672 3751 797 3816 8881881.
843 3751 931 3816 Η888
953 3752 1100 3833 neglecta
1122 3750 1235 3816 sunt
1226 3770 1260 3814 m
1284 3751 1404 3870 888188·

181 3855 263 3919 turis
287 3855 434 3936 reliquis,
465 3874 545 3938 quae
569 3857 620 3922 881
643 3857 788 3922 dativum
812 3858 961 3922 exhibent
987 3845 1099 3954 patri'
1125 3860 1158 3923 et
1183 3859 1253 3954 881
1253 3857 1313 3922 rist
1316 3845 1403 3922 ’881

182 3963 365 4044 genetivum
389 3961 495 4027 addito
528 3949 603 4028 881.
649 3962 714 4028 Cur
736 3967 773 4028 Δ.
789 3964 883 4030 Riese
907 3983 1091 4030 mensuram
1109 3927 1238 4060 patris'
1263 3967 1403 4046 8888881,

182 4068 332 4150 equidem
371 4069 491 4134 iustam
532 4088 663 4134 causam
704 4090 767 4135 non
800 4071 890 4138 video
926 4071 963 4136 cf.
996 4071 1032 4136 L.
1067 4071 1194 4136 11111881
1228 4071 1266 4135 18
1302 4090 1326 4134 8.
1360 4091 1402 4134 m.

181 4193 212 4258 p.
236 4176 446 4257 3148888181
470 4177 644 4260 speciosam
666 4177 756 4242 illam
780 4197 799 4241 a
821 4177 871 4242 Fr.
896 4177 1027 4243 Schbllii
1050 4180 1240 4260 argumenta
1221 4177 1329 4242 811888
1348 4196 1402 4260 pe·
1453 4237 1454 4264 ,
