2934 4742
702 208 863 300 ,1-ῡὲ-

169 395 233 462 Sed
255 396 288 461 id
312 395 506 478 significasse
530 396 610 462 satis
632 396 743 462 habeo.
788 395 879 460 Addo
901 396 934 460 in
951 395 1072 460 Catulli
1094 413 1120 460 e.
1143 393 1250 458 LXVI
1266 399 1303 460 bl
1328 395 1406 490 2³¹³·

168 489 296 568 duetae'
320 521 384 568 non
408 502 592 585 genetivum
615 519 685 568 esse
715 502 815 586 (quod
837 501 1002 566 Baehrens
1031 502 1126 584 putat
1154 520 1185 583 p.
1215 499 1308 583 470),
1344 500 1405 564 sed

166 609 408 674 nominativum.
451 609 490 674 Id
515 608 601 674 enim
622 609 793 692 praevalet
818 627 837 674 a
861 627 922 690 quo
947 607 1023 690 quid
1039 606 1226 672 abiunetum
1241 609 1305 680 est;
1334 626 1405 690 qua

169 715 208 782 de
232 734 330 782 causa
351 735 415 783 non
445 717 539 782 aliter
568 715 665 798 atque
694 715 779 799 apud
809 715 980 782 Gaesarem
1009 715 1038 780 b.
1069 732 1098 796 g.
1125 713 1191 778 VH
1219 721 1260 780 56
1293 714 1404 809 (quod

167 821 316 888 abiuncto
339 821 372 906 (i.
396 839 466 888 ea
495 841 529 888 se
552 850 597 880 ==
624 822 773 905 Caesare)
800 821 940 887 Labieno
963 821 1055 886 valde
1078 807 1246 896 timebat',
1274 820 1328 884 hio
1361 821 1403 886 de

167 928 325 994 abiunetis
349 929 447 994 comis
471 929 631 994 sororibus
653 930 687 994 in
710 928 815 1012 eapite
837 927 1077 994 remanentibus
1108 945 1182 992 oum
1204 925 1319 992 Riesec
1353 927 1404 991 ite

165 1034 416 1117 intellegendum
440 1038 498 1113 est,
521 1038 560 1100 ut
582 1035 635 1100 ille
659 1033 831 1118 πλόκαμος
854 1035 887 1099 in
910 1033 1091 1100 narratione
1115 1051 1174 1097 sua
1190 1051 1224 1098 se
1247 1033 1314 1115 ipse
1341 1053 1403 1116 pro

166 1141 288 1225 potiore
311 1159 475 1208 comarum
497 1143 589 1225 parte
611 1142 739 1218 habeat,
763 1161 782 1206 a
805 1160 869 1224 qua
890 1141 1032 1223 reliquae
1056 1139 1224 1206 abiunctae
1249 1139 1324 1204 sint.

256 1353 362 1418 Versu
386 1361 427 1422 46
452 1357 486 1421 et
508 1355 716 1436 sequentibus
739 1355 884 1420 invocato
909 1356 1004 1420 antea
1026 1353 1210 1436 Hymenaeo
1232 1351 1299 1416 iam
1315 1351 1403 1416 cele·

168 1461 281 1530 bratur
303 1461 374 1524 laus
399 1460 468 1525 eius
491 1460 546 1538 ita,
568 1463 606 1526 nt
629 1461 804 1526 auotoritas
835 1462 868 1524 et
896 1462 1039 1544 potestas
1070 1477 1134 1541 qua
1163 1458 1251 1524 valet
1281 1458 1403 1540 amplis

167 1566 271 1631 verbis
295 1565 502 1635 describatur.
547 1569 594 1631 Ae
617 1566 793 1632 seeundum
816 1567 938 1632 codices
961 1565 1140 1632 haecdicit
1163 1564 1329 1632 Catullus:

348 1671 429 1754 Ques
452 1671 531 1738 deas
552 1673 656 1754 maqis
679 1673 798 1736 motio

390 1777 452 1844 Est
469 1777 626 1860 petendus
648 1777 856 1844 amantibus?

167 1883 211 1948 llt
233 1885 384 1965 quoniam
406 1886 440 1950 in
462 1887 523 1952 hoc
545 1887 614 1952 loco
636 1904 696 1952 nee
718 1903 775 1969 per
797 1903 947 1952 numeros
970 1903 1030 1949 nee
1052 1903 1109 1967 per
1122 1885 1286 1949 notionem
1308 1885 1399 1949 vocis

168 1990 288 2054 amatis
311 1993 396 2058 stare
419 1995 534 2076 potest,
557 1993 667 2060 decem
689 1992 754 2058 iere
778 1992 862 2059 facta
885 1994 962 2058 sunt
988 1992 1166 2058 tentamina
1196 1991 1237 2056 ad
1266 2009 1401 2056 versum

169 2114 362 2180 sensumque
386 2099 647 2184 recuperandum.
692 2101 799 2182 Atque
823 2100 1023 2180 acquiescere
1046 2097 1196 2162 videntur
1225 2116 1311 2162 nune
1341 2098 1401 2162 ho-

169 2203 271 2269 mines
295 2205 381 2270 docti
404 2206 454 2272 rel
477 2206 510 2272 in
532 2206 662 2288 Barglrii
683 2207 814 2271 invento
836 2205 916 2270 hoo:

348 2310 429 2393 Quis
451 2311 529 2377 deas
550 2311 656 2395 maqis
678 2317 724 2378 est
746 2332 836 2376 omo

225 2481 228 2486 .
391 2417 435 2484 tes
451 2418 611 2498 medos
633 2416 847 2484 amantibus?
1196 2435 1212 2472 ο

170 2521 254 2604 quod
278 2521 427 2590 Schwabe
450 2524 600 2610 reposuit,
623 2526 673 2591 vel
695 2525 728 2590 in
752 2525 934 2608 Hauptiano
958 2526 1019 2608 (op.
1041 2525 1059 2590 I
1080 2546 1110 2609 p.
1138 2533 1209 2590 16-
1226 2524 1281 2607 18)

347 2629 420 2712 quie
443 2630 521 2694 deus
542 2631 647 2714 moqis
670 2631 782 2695 anatis
1226 2675 1229 2682 -

393 2735 454 2802 Eat
471 2737 630 2818 petendus
652 2737 861 2802 amantibus?

171 2841 256 2924 quod
278 2841 316 2906 Β.
341 2841 487 2908 Schmidt
509 2845 733 2928 comprobavit.
1461 2911 1462 2918 ,

257 2951 304 3014 Ac
327 2949 366 3014 de
388 2950 445 3014 illa
467 2951 648 3016 coniectura
671 2969 747 3016 sane
769 2950 848 3014 fides
872 2950 1017 3015 habenda
1040 2953 1089 3014 est
1103 2949 1299 3016 Baehrensio
1322 2969 1400 3014 cum

169 3054 247 3119 dieit
267 3076 297 3139 p.
328 3063 389 3122 301
418 3059 552 3152 ¹certam
574 3056 745 3122 formulam
768 3073 900 3134 „amare
930 3058 1030 3120 amari
1041 3063 1057 3094 ‘⁶
1087 3057 1186 3140 (XLV
1218 3057 1273 3140 20)
1303 3075 1399 3122 nemo

169 3161 387 3230 Romanorum
409 3164 456 3228 ita
478 3163 615 3242 deflexit,
638 3167 675 3228 ut
698 3164 817 3229 diceret
840 3211 856 3240 „
866 3165 965 3228 amati
989 3167 1158 3228 amantes“
1190 3154 1395 3228 similiterve.'

171 3265 234 3332 Sed
257 3267 295 3331 de
319 3268 422 3334 altera
444 3270 626 3336 coniectura
648 3271 691 3334 ll.
714 3270 849 3353 Hauptii
877 3270 943 3334 iam
967 3269 1005 3336 G.
1027 3270 1232 3336 Hermannus
1261 3270 1294 3334 in
1324 3289 1398 3335 oen·

170 3390 246 3436 sura
281 3374 506 3454 quaestionum
542 3375 797 3444 Catullianerum
837 3375 961 3459 (Jobas
990 3375 1123 3441 Jatrot.
1162 3376 1264 3442 XXII.
1302 3383 1397 3442 1838.
1460 3367 1461 3450 l

168 3495 199 3564 p.
223 3478 301 3562 306)
324 3478 490 3546 dubitavit.
535 3483 583 3546 lla
606 3484 691 3547 enim
714 3483 865 3560 anxietas,
889 3501 951 3564 quo
965 3485 1000 3546 in
1015 3483 1167 3548 vocabulo
1181 3502 1245 3547 non
1268 3485 1397 3548 tantum

168 3585 255 3650 inest
281 3585 481 3670 cupiditatis,
516 3589 572 3653 sed
600 3607 725 3672 semper
755 3590 976 3654 sollicitudinis
1008 3589 1175 3654 cuiusdam
1203 3590 1292 3654 notio
1322 3591 1398 3654 huie

168 3693 237 3760 loeo
260 3711 323 3758 non
347 3696 398 3758 est
420 3697 513 3777 apta3
537 3694 620 3760 dem
634 3695 730 3760 aneto·
746 3700 891 3760 amantes
916 3733 957 3742 -
973 3697 1137 3778 inquit-
1159 3696 1297 3760 tientes
1320 3695 1399 3760 decb
1459 3731 1460 3778 ,

168 3817 235 3862 aur
263 3797 316 3864 die
348 3805 492 3883 qeaooat
524 3801 669 3878 werden,
704 3803 756 3866 dte
790 3803 946 3868 entweder
980 3803 1032 3868 die
1067 3801 1307 3884 Eeowicuqooq
1340 3803 1399 3866 der
1459 3781 1460 3858 i

168 3901 286 3969 Edem
307 3925 368 3970 aar
378 3905 450 3970 aaa
471 3906 559 3974 atem
573 3926 615 3972 au
629 3907 780 3986 ericodes,
804 3908 878 3974 oder
902 3908 962 3974 dos
973 3905 1143 3989 Austbrea
1158 3908 1216 3972 der
1230 3907 1326 3974 Liebe
1349 3909 1400 3973 bei

169 4007 317 4092 ldaqerer
339 4011 515 4095 querucq,
538 4014 614 4078 oder
635 4019 721 4079 sonet
743 4015 797 4080 eta
812 4014 1011 4082 Htadeoae'ss
1029 4015 1246 4096 bettretteteo,
1270 4013 1399 4080 welches

169 4113 251 4182 ates
273 4120 334 4197 out
356 4118 415 4184 dos
437 4139 472 4184 so
494 4120 593 4185 better
615 4119 819 4204 qesote'ldorte
849 4120 1050 4186 Verbdltm'es
1071 4121 1126 4186 des
1148 4120 1302 4186 Manliae
1329 4122 1400 4186 aad

167 4221 277 4294 aeiner
299 4221 411 4288 Broat
433 4225 526 4290 deine
548 4225 761 4308 Aaweadanq
784 4227 886 4293 leidet.
925 4228 1096 4294 Desiderat
1117 4229 1216 4310 igitur
1238 4230 1288 4294 vir
1312 4247 1400 4294 sum-
