2934 4742
567 200 725 290 ..ff—

121 385 267 464 Cemitis,
289 387 451 469 innuptae,
474 386 629 450 iuvenes?
653 387 833 468 consurgite
857 389 984 452 contra:
1168 406 1228 462 bn¹

120 494 282 558 Nimirum
305 491 442 558 Oetaeos
465 493 605 557 ostendit
627 492 762 558 noctifer
784 494 879 574 ipnea

127 619 180 683 Sic
203 620 337 683 comest:
361 618 455 682 viden
480 619 517 681 ut
538 619 709 702 perniciter
732 619 893 684 exiluere?
1167 655 1183 692 ι

119 725 191 788 Non
215 728 334 790 temere
358 725 504 802 exiluere,
529 726 644 790 canent
667 724 752 806 quod
775 725 875 790 visere
899 745 957 810 par
981 733 1039 795 est.

163 849 291 932 Hymen
314 869 332 914 o
355 849 548 932 Hymenaee,
571 850 699 932 Hymen
723 850 798 915 ades
822 851 1049 936 oHymenaea
1165 869 1205 923 ab

118 1045 190 1109 Non
215 1044 315 1109 facilis
338 1045 428 1108 nobis
452 1063 468 1108 e
494 1045 597 1126 qualis
620 1044 728 1128 palma
750 1047 864 1127 parata
887 1049 954 1111 est:
1154 1007 1217 1117 ‘bB

117 1151 268 1234 Aspicite,
290 1151 452 1234 innuptae,
476 1169 585 1215 secum
607 1152 645 1214 ut
666 1151 822 1216 meditata
844 1155 1022 1234 requirunt.

116 1275 190 1340 Non
214 1275 333 1339 frustra
356 1275 570 1350 meditantur;
594 1275 713 1340 habent
736 1277 940 1342 memorabile
965 1281 1049 1360 quod
1072 1283 1123 1361 sit,

115 1383 185 1447 Nec
208 1383 334 1458 mirum,
357 1382 485 1464 penitus
509 1400 603 1464 quom
626 1384 695 1448 tota
718 1385 824 1447 mente
847 1384 1003 1452 laborant.

116 1507 185 1572 Nos
210 1507 270 1570 alio
293 1509 426 1584 mentes,
450 1507 511 1570 alio
535 1506 700 1571 divisimus
724 1525 834 1572 aures:

114 1615 190 1678 Iure
214 1613 315 1696 igitur
338 1614 510 1690 vincemur,
534 1617 622 1677 amat
645 1613 777 1678 victoria
800 1633 919 1679 curam.

116 1739 225 1818 Quare
247 1757 333 1802 nunc
356 1737 478 1802 animos
503 1738 616 1802 saltem
642 1739 831 1802 committite
856 1741 995 1805 vestros:

114 1847 229 1911 Dicere
252 1846 318 1910 iam
339 1845 499 1930 incipient,
522 1846 586 1909 iam
610 1845 797 1928 respondere
822 1845 953 1912 decebit.

160 1971 287 2053 Hymen
312 1989 329 2033 o
352 1969 545 2052 Hymenaee,
568 1968 695 2052 Hymen
719 1969 794 2034 ades
818 1988 835 2034 ο
859 1971 1052 2053 Hymenaee.
1160 1987 1202 2040 ab

114 2167 267 2249 Hespere,
291 2166 361 2247 quis
386 2166 472 2230 caelo
495 2165 598 2230 fertur
621 2165 777 2230 crudelior
800 2167 905 2248 ignis?
1163 2179 1208 2234 ba

114 2271 180 2352 Qui
202 2276 312 2337 natam
336 2273 438 2355 possis
462 2273 626 2355 complexu
650 2272 784 2336 avellere
808 2274 929 2349 matris,

115 2378 324 2461 complexum
346 2379 458 2442 matris
482 2379 673 2442 retinentem
697 2379 832 2443 avellere
854 2381 965 2444 natam

113 2485 158 2548 Et
180 2486 287 2549 iuveni
311 2484 435 2549 ardenti
458 2487 581 2550 castam
605 2485 721 2548 donare
744 2485 894 2567 puellam.

113 2590 201 2671 Quid
223 2590 345 2656 faciunt
367 2592 476 2655 hostes
501 2593 594 2673 capta
618 2591 776 2655 crudelius
801 2591 901 2655 urbe?

159 2698 288 2780 Hymen
311 2717 327 2761 o
351 2697 542 2780 Hymenaee,
566 2697 693 2780 Hymen
718 2697 792 2761 ades
816 2716 833 2762 ο
856 2697 1049 2779 Hymenaee.

112 2894 265 2976 Hespere,
289 2892 360 2974 quis
384 2893 470 2958 caelo
493 2893 580 2957 lucet
603 2892 767 2957 iucundior
789 2892 895 2974 ignia?
1161 2901 1211 2957 aa'

112 2999 178 3078 Qui
202 2999 356 3082 desponsa
379 3001 437 3062 tua
460 2998 566 3063 firmes
590 2999 724 3063 conubia
746 2997 886 3076 flamma,

112 3105 204 3184 Quae
227 3106 373 3188 pepigere
396 3106 464 3183 viri,
487 3105 676 3188 pepigerunt
699 3108 773 3170 ante
796 3107 953 3188 parentes,

112 3213 181 3276 Nec
204 3213 332 3276 iunxere
355 3213 444 3296 prius
469 3232 564 3294 quam
588 3231 622 3276 se
646 3215 721 3276 tuus
746 3213 860 3276 extulit
884 3213 985 3278 ardor.

45 3339 74 3381 ao
113 3318 199 3398 Quid
224 3318 318 3382 datur
341 3337 360 3382 a
384 3319 464 3383 divis
488 3318 571 3383 felici
595 3320 735 3401 optatius
759 3319 861 3383 hora?

157 3425 286 3508 Hymen
310 3444 326 3489 o
349 3425 542 3507 Hymenaee,
566 3425 693 3508 Hymen
718 3425 792 3489 ades
816 3443 834 3488 o
856 3424 1051 3507 Hymenaee.

94 3993 110 4046 'l
128 3992 226 4044 imbres
238 3990 261 4042 Τ
275 3991 358 4044 imber
381 3989 407 4044 V
440 3991 471 4045 ll
492 3994 544 4057 e(e
562 3991 595 4046 G.
613 3990 667 4056 Ol)
682 3991 767 4060 qualis
779 3991 802 4044 Τ
799 4029 807 4057 ,
827 3990 947 4044 distinxi
985 3990 1018 4042 14
1037 3989 1149 4044 hobetT
1164 3990 1251 4054 solos,

30 4081 111 4134 ondit
135 4079 180 4149 Vll
194 4077 283 4149 quom]
302 4096 368 4149 quas
388 4079 416 4144 Τ,
436 4081 543 4134 correai
578 4082 612 4135 17
632 4080 777 4134 convertite
798 4079 820 4132 Y
871 4081 907 4134 20
926 4080 970 4149 qui
990 4077 1133 4132 Veacidit
1151 4079 1251 4146 opinor

31 4175 118 4223 sonte
137 4169 255 4222 litteram
273 4169 345 4222 coela
363 4169 500 4236 sequentis
518 4169 649 4222 initialem
670 4169 802 4233 cformoe
820 4168 999 4222 similitudine
1045 4167 1080 4221 22
1099 4166 1153 4221 Con
1171 4167 1249 4237 plexu

31 4254 203 4328 TCcmplexu
227 4256 254 4310 V
269 4255 433 4326 Complexum
448 4258 538 4325 patris
557 4259 625 4312 coni.
645 4258 676 4312 P.
696 4257 865 4312 Krambtolz
910 4257 944 4310 26
963 4255 1008 4326 qui
1033 4253 1208 4310 Viccundior
1226 4253 1255 4308 V
