2928 4724
749 201 907 291 A

222 410 283 472 que
312 392 423 455 nostra
455 391 583 454 tantum
612 390 644 453 et
674 406 755 470 quae
788 387 827 451 ad
856 389 999 453 nostram
1023 389 1215 455 sententiam
1238 391 1428 456 obtinendam

219 497 399 562 necessaria
421 496 588 562 videantur
610 494 661 558 hic
684 492 861 558 efferemus.

312 603 412 668 Stella
436 602 616 687 vespertino
639 599 786 682 effulget,
809 601 880 664 tum
903 619 986 665 unus
1011 620 1027 666 e
1050 602 1216 668 iuvenibus
1241 605 1353 682 socios,
1384 607 1429 687 qui

221 730 295 776 cum
323 709 523 793 impatientia
559 708 713 790 quadam,
744 725 841 789 quam
870 708 1033 772 cumulata
1055 710 1151 774 verba
1185 715 1347 791 expectata
1379 713 1430 776 dia

220 818 277 882 oia
303 816 431 880 taam
468 815 546 880 satis
575 815 729 898 produnt,
766 814 833 878 eius
865 816 971 878 ortum
994 817 1146 880 acerrime
1170 819 1429 901 exspectaverunt,

220 926 259 988 ut
287 924 480 1004 consurgant
512 922 659 986 hortatur
690 921 723 984 in
746 940 774 984 v.
799 930 816 985 1
842 922 875 984 et
899 927 928 984 2.
973 920 1066 986 Unde
1089 925 1282 1004 consurgant
1309 925 1430 1007 etquid

221 1031 327 1113 agant,
350 1029 499 1112 proximis
522 1028 645 1092 dnobus
667 1026 811 1091 versibus
836 1026 1033 1101 declaratur;
1066 1045 1142 1091 nam
1171 1048 1301 1112 prorsus
1329 1032 1430 1096 codem

219 1135 312 1202 modo
335 1154 395 1200 neo
422 1137 531 1200 tamen
562 1153 619 1217 per
641 1135 771 1198 iuvenes
795 1135 971 1198 commotae
994 1169 1036 1180 -
1059 1135 1107 1198 ita
1129 1137 1213 1200 enim
1236 1156 1305 1202 rem
1328 1156 1360 1203 se
1383 1139 1431 1202 ha·

219 1244 293 1308 bere
317 1241 482 1325 apparob't
505 1277 547 1286 -
571 1259 636 1304 una
661 1258 699 1304 ex
720 1240 863 1323 innuptis
886 1239 963 1303 dicit
986 1240 1026 1304 ad
1051 1241 1169 1306 amicas
1193 1261 1268 1308 suas
1292 1262 1432 1310 conversa

219 1349 465 1415 ma3mk

636 1450 773 1534 Surgere
794 1452 862 1516 iam
884 1456 1014 1532 tempus,

222 1581 241 1626 a
262 1561 382 1626 mensis
405 1561 424 1625 i.
449 1580 474 1624 e.
497 1561 724 1642 tempestivum
747 1561 812 1636 est,
843 1560 918 1641 quia
949 1561 1026 1624 satie
1059 1561 1113 1624 diu
1136 1561 1277 1626 sedimus
1301 1599 1343 1610 -
1366 1583 1431 1628 nan

221 1668 253 1732 id
277 1668 446 1750 significari
459 1666 543 1730 infra
567 1666 716 1749 exemplis
732 1665 895 1730 docebitur
910 1689 971 1741 -;
995 1667 1105 1731 statim
1122 1668 1206 1732 enim
1228 1670 1333 1752 pergit
1354 1671 1414 1734 ita:

681 1772 749 1836 iam
765 1771 905 1853 pingues
927 1771 1071 1853 linquere
1093 1793 1227 1852 mensas,

432 1878 507 1943 Iam
528 1880 631 1944 veniet
652 1879 749 1960 oirpo,
772 1879 840 1942 iarn
863 1878 985 1942 duetus
1006 1878 1221 1961 Hymenaeus.

220 1987 359 2070 Tempus
381 1986 479 2069 igitur
501 1986 718 2071 vespertinum
741 1985 946 2067 significatur,
968 1985 1127 2050 indicatur
1149 2005 1218 2053 mos
1244 1989 1338 2072 epuli,
1360 2009 1432 2054 nun-

220 2094 321 2158 tiatur
344 2095 546 2176 exspectatus
568 2111 669 2157 norae
692 2093 812 2175 nuptae
836 2092 1000 2156 adventus.
1032 2092 1154 2176 Nempe
1176 2094 1226 2158 his
1250 2095 1432 2161 exhortatio

220 2200 323 2278 nibus,
340 2219 358 2264 a
375 2200 490 2281 quibus
507 2199 656 2263 carminis
672 2199 801 2262 initium
816 2199 964 2276 sumitur,
978 2199 1255 2282 interrumpuntur
1270 2220 1433 2278 sermones,

222 2325 300 2388 quos
323 2307 452 2370 iuvenes
476 2306 559 2369 inter
583 2323 616 2370 se
641 2307 673 2369 et
695 2304 822 2387 predae
845 2305 909 2369 hue
932 2323 1033 2386 usque
1055 2305 1279 2388 produxerunt.

308 2412 443 2477 Iuvenes
467 2413 575 2476 autem
598 2429 615 2476 e
638 2411 747 2475 mariti
776 2411 881 2475 animo
905 2411 1032 2486 dieunt;
1066 2414 1176 2477 contra
1198 2414 1301 2496 virge,
1330 2418 1370 2480 ut
1392 2417 1434 2479 est

221 2521 481 2596 consentaneum,
513 2536 532 2582 a
554 2519 669 2601 puellis
693 2517 859 2583 indicatur.
904 2519 1051 2600 Uterque
1073 2520 1172 2601 igitur
1195 2522 1309 2586 chorus
1331 2525 1434 2605 partes

221 2644 296 2690 suas
318 2627 365 2690 ita
388 2626 533 2703 sustinet,
556 2627 594 2689 ut
616 2625 741 2708 puellae
765 2627 798 2689 et
811 2626 942 2690 iuvenes
968 2643 1005 2689 ex
1021 2644 1121 2707 aequo
1145 2629 1178 2690 et
1199 2628 1269 2709 pari
1291 2628 1361 2693 iure
1379 2630 1434 2693 sin-

220 2733 296 2814 gula
319 2732 417 2796 totius
442 2733 582 2810 actionis,
606 2733 658 2798 oui
680 2732 809 2814 utrique
825 2732 978 2796 destinati
1000 2734 1084 2810 sunt,
1106 2733 1270 2798 momenta
1292 2734 1434 2810 efficiant,

221 2839 335 2921 quibus
358 2838 558 2922 inpartibus
582 2838 807 2902 distribuendis
830 2839 900 2921 ipsa
924 2857 975 2902 ars
998 2840 1108 2921 poetae
1131 2839 1280 2904 cernitur.

307 2946 448 3010 Aetionis
472 2947 580 3010 autem
603 2945 730 3009 initium
753 2944 830 3009 facit
852 2946 988 3026 uterque
1012 2945 1125 3009 chorus
1152 2964 1210 3028 per
1232 2947 1433 3030 interpretem

220 3070 315 3117 suum
340 3071 398 3117 sua
421 3054 532 3135 sponte
556 3051 655 3115 altero
677 3069 741 3115 non
763 3052 924 3134 respecto,
955 3051 992 3114 ut
1015 3053 1175 3116 certamen
1197 3071 1254 3134 per
1277 3072 1310 3117 se
1333 3054 1434 3137 ipsum

220 3158 285 3223 iere
299 3176 433 3223 nascens
450 3160 482 3223 et
498 3176 679 3222 accrescens
703 3157 923 3240 conspiciatur,
946 3158 1095 3222 uoniam
1118 3159 1158 3222 ab
1180 3159 1269 3222 initio
1293 3162 1433 3225 omnibus

218 3265 363 3348 partibus
380 3265 482 3329 aliena
498 3282 593 3347 opera
609 3264 815 3348 dispositum,
839 3283 915 3328 nam
929 3265 1073 3329 inversu
1097 3273 1115 3330 3
1137 3265 1289 3348 innuptae
1306 3267 1435 3332 alterius

218 3373 371 3436 iuvenum
393 3371 575 3453 interpretis
598 3371 695 3435 verba
718 3389 781 3434 non
805 3371 954 3436 exaudita
976 3389 1039 3435 non
1068 3372 1256 3454 respiciunt;
1285 3372 1347 3438 hoo
1369 3376 1434 3437 tan·

219 3480 291 3542 tum
312 3477 350 3542 fit
371 3478 482 3560 poetae
506 3478 574 3540 arte
590 3477 708 3554 subtili,
732 3478 787 3559 qui
802 3478 946 3560 personis
963 3497 1038 3542 suas
1058 3480 1166 3560 partes
1183 3479 1327 3544 consulto
1343 3480 1434 3553 dedit,

221 3583 277 3648 sed
288 3603 352 3647 non
363 3583 409 3647 ita
418 3583 564 3659 violente,
581 3584 618 3646 ut
630 3583 796 3647 consilium
807 3584 888 3649 illud
899 3585 1032 3649 moleste
1045 3584 1224 3649 sentiretur.
1253 3583 1433 3650 Communis

221 3690 330 3754 autem
344 3691 393 3752 est
404 3707 515 3754 versus
527 3689 725 3756 intercalaris
741 3690 887 3772 utrisque
903 3691 936 3754 in
952 3691 1002 3756 hie
1019 3693 1052 3756 et
1067 3691 1273 3773 sequentibus
1290 3692 1434 3774 strophis,

220 3813 302 3878 quae
319 3796 481 3860 certamen
503 3797 609 3880 ipsum
633 3797 835 3875 antecedunt,
858 3799 891 3862 et
914 3798 952 3862 ab
976 3799 1120 3880 utrisque
1144 3799 1254 3862 cantat
1293 3845 1300 3860 .

308 4007 464 4127 Notabilis
500 4009 551 4072 est
589 4009 623 4072 in
663 4011 724 4075 hac
758 4010 962 4094 dispositione
1004 4009 1180 4074 differentia
1212 4010 1431 4076 vocabulorum

223 4132 425 4210 ‘consurgere
474 4116 506 4178 et
532 4104 702 4211 (surgere,
726 4116 765 4182 de
798 4135 861 4199 qua
885 4136 981 4200 supra
1003 4137 1032 4200 p.
1057 4125 1153 4198 26sq.
1181 4116 1433 4197 significavimus.

219 4221 378 4284 Accurata
401 4238 475 4285 vero
497 4220 664 4285 notionum
687 4223 854 4304 utriusque
877 4221 964 4288 verbi
987 4225 1019 4287 et
1042 4222 1193 4306 simplicis
1217 4223 1249 4288 et
1272 4217 1449 4308 compositi*
