2934 4742
727 182 885 272 *ffl—

194 368 279 434 Nam
301 369 382 432 nibil
405 369 533 433 omnino
555 367 653 434 refert
676 372 787 433 utrum
810 368 929 434 sensim
953 387 992 433 an
1022 369 1085 434 cito
1115 367 1174 432 riri
1203 367 1309 432 undae
1339 369 1419 444 eant,

195 475 353 556 siquidem
376 494 433 558 per
455 475 597 540 medium
619 478 790 540 transeunt
811 475 872 540 iter
895 475 1011 558 populi.

285 581 378 646 Certe
409 600 448 646 aa
479 582 617 647 inanitas
647 583 791 648 vocabuli
819 582 946 647 omuino
978 580 1054 646 ferri
1084 582 1227 659 deberet,
1258 581 1286 644 si
1317 583 1418 646 totum

193 689 301 752 locum
324 688 392 754 eius
416 687 581 753 inanitatis
612 706 692 753 vano
722 691 907 753 ornamento
939 687 978 752 ab
1008 689 1076 771 ipso
1103 691 1199 771 poeta
1227 689 1419 752 instructum

195 793 293 859 fuisse
317 795 511 860 credendum
534 797 629 871 esset,
653 795 736 877 quod
761 794 875 878 Haupt
897 795 1021 860 statuit.
1066 795 1151 860 Nam
1177 795 1267 890 ‘ipsa
1297 813 1421 876 compa-

194 902 276 965 ratio
300 939 343 948 —
366 902 473 984 inquit
494 922 524 985 p.
549 909 591 967 90
615 937 657 950 -
681 920 755 967 cum
778 903 811 966 in
834 921 871 968 eo
894 902 997 985 posita
1020 902 1070 979 sit,
1098 904 1135 966 ut
1165 901 1251 965 dicat
1274 899 1421 966 Catullus

193 1010 321 1073 tantam
342 1009 548 1074 lacrimarum
572 1027 641 1076 sesa
664 1008 842 1091 profudisse
866 1009 990 1092 copiam
1013 1011 1134 1090 quanta
1157 1010 1305 1074 ubertate
1335 1009 1420 1072 rivus

194 1115 349 1198 prosiliat,
374 1115 457 1197 quod
481 1114 594 1180 deinde
617 1115 706 1178 rivus
728 1133 785 1198 par
808 1115 924 1180 vallem
948 1134 982 1180 se
1013 1114 1181 1180 devolvens
1209 1118 1242 1179 et
1271 1133 1330 1198 pcr
1356 1115 1421 1197 pla·

192 1221 310 1286 nitiem
332 1222 418 1288 lento
442 1240 538 1286 cursu
561 1221 664 1286 fluens
695 1221 902 1300 describitur,
929 1222 1009 1286 nihil
1040 1221 1169 1304 quidem
1202 1221 1242 1286 ad
1272 1222 1421 1286 lacrimas

193 1329 334 1412 pertinet
370 1347 475 1410 neque
511 1329 683 1411 quicquam
719 1328 759 1393 ad
795 1329 1020 1394 declarandam
1059 1328 1302 1394 similitudinem
1332 1327 1422 1391 affert

193 1434 357 1511 momenti,
381 1435 436 1500 sed
460 1436 550 1501 suavi
573 1435 774 1516 degrassione
806 1438 840 1500 et
867 1436 1020 1519 propositi
1052 1436 1145 1518 quasi
1173 1435 1329 1499 oblivione
1361 1435 1421 1498 leo-

193 1542 279 1604 tores
302 1529 411 1604 fallit'.
456 1541 607 1606 Refertur
629 1542 662 1607 id
685 1543 780 1625 vulgo
804 1542 845 1607 ad
867 1543 1155 1608 Alexandrinorum
1176 1561 1308 1606 morem.
1350 1543 1419 1606 Alc

193 1646 339 1710 xandrini
362 1665 436 1712 vero
458 1651 570 1732 poetae
595 1649 655 1712 etsi
677 1649 834 1730 longiores
850 1650 884 1714 iu
900 1649 1188 1732 comparationibus
1204 1648 1421 1730 degressiones

195 1752 387 1818 adamabant
409 1752 541 1819 Homeri
568 1754 745 1819 imitatione
769 1755 906 1832 deducti,
935 1756 991 1837 qui
1015 1773 1126 1819 earum
1148 1773 1257 1820 rerum
1280 1755 1422 1819 ordinem

194 1859 278 1924 unde
311 1861 557 1944 comparationis
586 1880 688 1926 unum
716 1862 844 1943 aliquod
874 1864 1074 1926 momentum
1104 1862 1219 1938 sumit,
1247 1862 1422 1926 secundum

194 1985 233 2030 sa
256 1985 337 2048 quae
360 1986 416 2051 per
440 1968 523 2032 ritae
547 1967 818 2045 consuetudinem,
841 1969 1076 2052 experientiam,
1099 1987 1195 2033 nsum
1217 1968 1287 2032 fieri
1311 1970 1421 2044 solent

193 2073 319 2155 plenius
343 2077 376 2138 et
398 2075 554 2158 copiosius
577 2074 742 2152 describit,
770 2079 879 2140 tamen
902 2094 938 2141 eo
966 2094 1069 2157 usque
1100 2076 1245 2140 aberrare
1276 2095 1340 2140 non
1371 2095 1422 2159 po-

193 2181 336 2258 tuerunt,
358 2199 462 2262 neque
487 2180 634 2246 Catullus
658 2201 768 2246 eorum
791 2182 935 2247 imitator
959 2185 1087 2247 tantum
1111 2182 1287 2259 aberravit,
1311 2202 1333 2247 u
1373 2183 1422 2246 vel

194 2285 401 2351 lacrimarum
428 2288 554 2352 nomine
584 2289 643 2351 rivi
672 2288 806 2352 alicuius
836 2307 965 2354 cursum
997 2307 1016 2352 a
1044 2288 1131 2352 fonte
1162 2288 1336 2354 deductum
1367 2307 1423 2372 per

194 2392 324 2457 inanem
361 2413 470 2459 rerum
507 2394 713 2460 fortuitarum
756 2395 1000 2478 descriptionem
1035 2399 1232 2477 sequeretur.
1274 2431 1318 2442 —
1360 2395 1421 2460 Sed

196 2498 344 2580 equidem
373 2500 489 2566 barum
518 2521 641 2579 rerum,
665 2520 746 2584 quae
769 2503 941 2568 lectoribus
964 2503 1187 2586 imponuntur,
1211 2503 1291 2566 nihil
1314 2502 1348 2566 iu
1371 2521 1423 2566 mc

196 2607 345 2688 arpertus
370 2625 458 2685 sum,
480 2626 540 2673 nec
572 2609 765 2674 suavitatem
795 2609 1005 2690 degressionis
1034 2629 1094 2674 nec
1123 2628 1194 2674 cam
1224 2610 1423 2685 oblivionem,

196 2711 252 2776 sed
275 2731 401 2796 semper
423 2716 535 2797 poetae
551 2715 712 2779 inscitiam
728 2734 822 2796 aegre
838 2715 988 2792 ferebam,
1012 2716 1040 2779 si
1057 2733 1128 2780 eam
1143 2735 1177 2780 re
1194 2734 1270 2780 vera
1292 2716 1423 2780 inanem

195 2820 465 2902 comparationem
501 2841 558 2904 pro
596 2821 807 2904 depressionis
844 2825 1031 2886 ornamento
1061 2825 1101 2886 ut
1132 2823 1349 2888 existimarem
1383 2823 1424 2888 ab

193 2925 420 3008 interpretibus
444 2947 519 2992 cuin
541 2928 691 2993 violentia
713 2929 873 2994 monebar.

283 3030 448 3110 Quaerant
471 3034 567 3099 uelim
588 3035 780 3118 interpretes
804 3055 820 3100 a
844 3035 971 3102 Catullo
996 3037 1139 3117 aliquam
1169 3035 1423 3111 similitudinem,

194 3139 284 3203 cuius
307 3140 448 3204 maxima
470 3159 545 3223 pars
569 3145 602 3206 et
626 3160 707 3223 quae
730 3142 887 3225 imprimis
910 3143 943 3205 in
967 3143 1144 3224 legentium
1159 3143 1264 3208 auimo
1280 3144 1423 3218 baereat,

194 3245 290 3311 simili
321 3246 414 3312 modo
446 3248 572 3313 omnino
602 3248 682 3312 nibil
712 3268 879 3314 commune
906 3250 1023 3314 habeat
1054 3269 1127 3318 cum
1158 3249 1226 3332 ipsc
1257 3268 1421 3333 compara

193 3351 288 3415 tionis
322 3356 500 3428 momento;
536 3355 563 3419 si
590 3356 784 3433 invenerint,
813 3356 1110 3440 interpretationem
1144 3375 1240 3439 supra
1280 3355 1420 3438 proposi·

193 3459 261 3522 tam
306 3460 523 3543 comprobabo.
577 3461 661 3526 Nam
699 3464 726 3526 si
763 3464 857 3545 poeta
902 3462 1050 3528 dilatarit
1086 3463 1258 3544 imaginem
1296 3465 1329 3526 et
1363 3479 1420 3546 per

194 3564 336 3646 singulas
384 3585 435 3632 res
473 3570 660 3651 persecutus
697 3571 746 3633 est
784 3569 817 3632 in
856 3570 994 3634 carmine
1034 3569 1074 3634 ad
1114 3567 1262 3634 Ortalum
1302 3569 1419 3652 scripto

193 3690 222 3734 v.
254 3681 400 3749 15-—24‚
431 3693 526 3755 quem
557 3674 663 3739 locum
693 3674 804 3759 Haupt
835 3676 945 3740 attulit
976 3675 1016 3740 ad
1049 3674 1185 3770 tCatulli
1216 3677 1419 3739 venustatem

193 3767 402 3844 consimilem'
435 3781 532 3863 priori
561 3781 608 3844 illi
639 3781 940 3859 demonstrandam,
974 3783 1018 3846 ibi
1052 3786 1138 3846 certe
1173 3781 1419 3864 comparationis

192 3885 273 3954 ratio
297 3888 433 3950 tenetur.

283 3991 430 4058 Catullus
470 3993 555 4058 enim
592 4013 655 4058 non
693 3996 764 4058 tum
798 3995 927 4060 demum
957 3997 1146 4060 sollicitatus
1176 3995 1216 4060 ab
1248 3993 1360 4060 Ortalo
1385 3993 1418 4056 id

192 4099 289 4175 misit,
312 4099 345 4162 id
370 4100 455 4182 quod
479 4119 517 4165 ex
540 4101 665 4166 silentio
689 4102 815 4166 initium
838 4103 987 4168 carminis
1003 4102 1089 4170 LXV
1107 4104 1141 4166 et
1163 4101 1291 4166 disertis
1315 4102 1418 4166 verbis

192 4221 304 4268 versus
329 4215 368 4270 17
395 4208 428 4270 et
454 4215 492 4272 18
525 4210 673 4289 arguunt
717 4207 751 4270 Is
780 4209 879 4289 igitur
907 4209 972 4272 iam
1001 4209 1124 4292 pridem
1152 4210 1280 4291 poetam
1311 4208 1417 4272 admo-
