2928 4724
558 215 718 306 ja*

367 401 462 466 cidere
483 406 519 464 ut
535 403 714 482 perniciter
736 401 900 467 enituere?

28 513 231 579 confirmatur
259 510 340 574 illud
368 510 492 592 puellas
523 528 647 591 quoque
680 511 862 588 surrexisse,
892 514 976 576 certe
1001 549 1042 558 -
1066 514 1103 576 ut
1126 514 1248 597 opinari

29 623 98 686 licet
119 619 287 683 iuvenibus
313 653 353 662 -
376 635 441 680 non
464 617 531 680 sine
556 617 663 698 aliqua
687 635 792 681 cause.

111 726 242 790 Puellae
267 724 366 806 igitur
388 723 452 786 iam
476 720 518 805 (v.
543 722 575 805 9)

381 833 495 892 caecat
518 828 601 909 qaod
623 829 724 894 ανῗεανα
741 850 810 910 ραν
832 836 885 894 cst.

30 943 86 1004 llas
102 942 287 1004 cantaturos
312 955 380 1001 esse
397 937 416 999 i.
433 955 459 1000 e.
475 937 636 1000 certamen
658 937 839 1020 incepturos
863 956 932 1002 esse
957 940 1137 1021 exspectare
1157 957 1244 1002 nune

30 1049 112 1122 hcet;
137 1046 193 1112 sed
218 1048 297 1110 our?
321 1047 379 1108 aut
402 1062 467 1125 qua
488 1062 523 1107 re
547 1047 746 1108 commotas?
1141 1107 1144 1112 .

108 1154 254 1218 Dubium
283 1152 368 1216 enim
398 1150 541 1227 videtur,
571 1153 682 1214 utrum
705 1151 785 1215 illud
813 1149 898 1232 quod
919 1153 1097 1216 coniunctio
1127 1153 1169 1216 sit
1198 1171 1239 1217 an

30 1262 194 1325 relativum
218 1277 401 1342 pronomen.
445 1259 492 1322 Ac
515 1259 580 1321 sive
603 1258 664 1321 hae
686 1258 813 1321 notione
830 1259 894 1322 sive
917 1258 973 1321 illa
988 1259 1153 1346 acceperis,
1177 1261 1244 1324 tra·

29 1368 120 1431 ditem
136 1368 338 1449 scripturam,
362 1365 468 1445 inquit
482 1365 654 1441 Baehrens
677 1382 771 1428 nemo
786 1363 928 1428 defendit
942 1367 1069 1447 praeter
1083 1365 1242 1442 Elisium,

32 1475 79 1555 qui
99 1475 183 1538 male
206 1473 438 1554 interpretatur
455 1471 555 1566 (quod
571 1471 704 1552 dignum
727 1471 777 1534 est
793 1470 876 1551 quod
891 1460 1106 1554 respiciatur'.
1151 1473 1243 1537 Alter

30 1584 128 1644 tamen
157 1598 259 1663 nuper
289 1579 436 1654 accessit,
466 1578 521 1659 qui
552 1596 622 1641 eam
653 1577 857 1654 defendebat,
889 1567 1064 1673 ‘lupulus‘
1103 1578 1242 1660 quidam,

31 1688 74 1750 cui
93 1686 214 1769 placuit
237 1684 408 1766 aliquando
439 1686 477 1747 ut
507 1684 541 1746 in
563 1703 596 1748 re
621 1686 689 1747 tam
712 1684 955 1766 leviincognito
978 1686 1104 1750 nomine
1127 1686 1161 1749 in
1183 1706 1242 1768 pu·

30 1794 137 1856 blisum
161 1791 286 1875 prodire
310 1789 348 1856 cf.
370 1789 494 1853 Archiv
516 1790 573 1870 fiir
601 1789 654 1853 lot.
678 1788 845 1870 Lecilrcqr.
877 1791 928 1854 ΙΠ
964 1812 993 1874 p.
1025 1799 1157 1873 561sq.,
1175 1793 1242 1873 ,qui

30 1899 165 1963 sinihter
189 1899 325 1981 explicat
348 1896 536 1977 cufmerhea
558 1897 626 1977 aas.

109 2005 172 2070 Sed
194 2005 312 2068 mirum
336 2004 436 2068 videri
460 2003 553 2069 debet
574 2004 669 2080 illud,
694 2004 777 2084 quod
801 2021 877 2067 sane
900 2004 1075 2068 mirabatur
1097 2004 1239 2068 Pleitner

29 2113 89 2176 lc.
109 2133 139 2195 p.
163 2119 215 2188 63,
237 2130 301 2174 non
322 2111 431 2174 mirati
454 2113 530 2174 sunt
554 2111 615 2174 alii.
660 2111 732 2174 Etsi
755 2111 839 2174 enim
861 2129 960 2176 novae
983 2115 1101 2195 nuptae
1126 2111 1242 2177 adven-

30 2221 75 2283 tus
95 2219 254 2282 indicatus
283 2219 388 2282 estin
410 2238 439 2280 v.
463 2226 483 2280 4
507 2237 570 2285 non
597 2205 831 2313 ‘sollemnibus'
858 2218 998 2299 quidem,
1030 2220 1170 2282 atcerte
1194 2219 1242 2282 di-

9 2327 112 2390 sertis
149 2325 268 2402 verbis,
314 2326 404 2388 cuius
441 2325 571 2407 propter
609 2324 782 2388 adventum
820 2327 1037 2407 exspectatum
1074 2326 1236 2407 utrimque

30 2451 148 2496 mensae
170 2433 369 2512 linquuntur,
398 2450 559 2512 nusquam
582 2432 690 2495 tamen
715 2450 752 2495 ea
775 2431 939 2497 advenisse
961 2431 1085 2496 dicitur.
1124 2431 1239 2510 Quid?

30 2538 214 2620 hymenaeus
246 2539 386 2621 primum
416 2537 624 2602 denuntiatur
651 2539 684 2602 in
714 2538 901 2603 deductione
931 2541 1049 2621 nuptae
1077 2539 1238 2616 dicendus,

31 2647 90 2709 tum
117 2647 184 2728 ipse
209 2645 325 2709 dicitur
346 2663 402 2728 per
426 2645 601 2722 certamen,
632 2663 691 2708 nec
713 2647 823 2709 tamen
846 2645 936 2710 adest
958 2647 1067 2728 nupta,
1091 2646 1181 2710 cuius
1204 2645 1239 2708 in

31 2751 168 2816 honorem
199 2751 305 2815 omnia
331 2753 509 2833 parantur?
554 2750 651 2815 Porro
675 2753 835 2815 certamen
858 2751 969 2814 finitur
993 2753 1088 2832 atque
1111 2752 1235 2834 inipso

31 2860 105 2922 exitu
120 2859 275 2941 poematis
290 2875 376 2920 nova
397 2858 499 2938 nupta
523 2856 711 2921 admonetur
733 2861 771 2921 ut
793 2875 951 2940 praesens,
974 2876 1077 2939 neque
1100 2876 1239 2939 usquam

31 2967 112 3029 autea
134 2965 172 3029 fit
195 2965 263 3028 eius
287 2963 443 3028 adventus
466 2965 595 3027 mentio.
625 2964 696 3028 Iam
720 2965 775 3045 qui
796 2964 876 3028 nihil
900 2965 1119 3046 cogitaverunt
1138 2965 1237 3028 inter-

31 3075 122 3151 pretes
150 3090 206 3155 per
237 3089 335 3152 vagae
366 3070 565 3151 cogitationis
601 3071 762 3136 licentiam
792 3070 953 3152 quandam
986 3069 1141 3135 inlicitam
1176 3072 1238 3154 ipsi

31 3176 177 3242 finxerunt
201 3197 274 3242 eum
298 3177 475 3241 adventum
497 3195 658 3258 nusquam
675 3179 956 3243 commemoratum
980 3196 1052 3241 vere
1077 3177 1237 3255 accidisse,

33 3284 108 3348 uelut
135 3303 237 3367 nuper
267 3303 394 3365 quoque
429 3303 493 3347 non
523 3284 659 3348 miratus
689 3286 772 3348 hano
800 3287 911 3366 poetae
941 3285 1101 3348 inscitiam
1130 3285 1235 3348 Bonin

32 3389 49 3450 l.
68 3410 89 3453 c.
110 3411 138 3473 p.
161 3401 190 3456 8.

107 3497 264 3577 Nimirum
295 3515 403 3561 omnes
434 3497 574 3579 undique
603 3500 759 3580 quotquot
787 3500 863 3561 sunt
890 3498 1081 3580 interpretes
1098 3517 1167 3576 ραν
1190 3500 1236 3560 cst

34 3599 206 3684 intellegunt
231 3594 405 3700 ‘convenit'
437 3605 502 3668 sive
528 3623 680 3699 (aequum
704 3591 779 3668 est'.
823 3605 870 3667 Ac
903 3605 1000 3667 nullis
1036 3604 1234 3682 coniecturis,

35 3725 99 3786 quae
120 3711 240 3774 multae
263 3712 406 3774 tentatae
431 3713 515 3784 sunt,
538 3711 570 3774 id
593 3711 721 3792 assequi
742 3713 914 3793 potuerunt
941 3711 1000 3773 viri
1023 3710 1115 3786 docti,
1150 3711 1235 3792 quod

34 3831 125 3880 revera
161 3817 254 3899 quasi
286 3817 392 3881 festivi
427 3817 560 3881 alicuius
596 3817 783 3898 aenigmatis
817 3817 955 3900 speciem
985 3836 1060 3901 prae
1095 3836 1128 3882 se
1163 3818 1235 3882 fert

35 3918 137 4005 Nempe
162 3943 231 4004 ραν
256 3926 306 3987 est
327 3923 407 3987 nihil
431 3923 517 3988 ahud
540 3924 602 3988 nisi
624 3924 795 4006 coniugum
822 3941 880 4006 par
901 3942 1020 3988 novum
1049 3925 1113 3987 sive
1137 3924 1235 3987 mari-

35 4027 75 4091 tus
104 4049 176 4095 cum
209 4048 291 4094 nova
323 4031 440 4113 nupta,
475 4030 560 4111 quod
589 4032 627 4094 ut
660 4049 826 4094 commune
861 4030 1051 4094 vocabulum
1085 4030 1235 4094 exhibent

37 4130 123 4201 Cicero
145 4137 183 4202 de
207 4139 270 4220 opt.
294 4156 363 4218 gen.
387 4155 430 4200 or.
454 4138 472 4218 ξ
496 4147 535 4202 17
558 4135 776 4218 pladiatorrcm
792 4156 861 4217 ραν
882 4119 1127 4218 nobilissimum,
1151 4136 1233 4200 Phil.

36 4236 70 4302 XI
89 4249 104 4306 2
124 4243 285 4324 perciacum
306 4243 344 4306 ia
358 4241 470 4307 scetere
490 4263 564 4323 ραν,
587 4244 674 4310 Lael.
697 4254 727 4321 4,
751 4251 791 4309 15
815 4242 881 4308 trio
897 4246 955 4306 ααί
969 4245 1119 4323 quattuor
1129 4242 1237 4324 parta

78 4364 172 4415 Weber.
187 4364 333 4415 (honestiores
348 4363 493 4407 Catullinum.
1003 4351 1020 4402 3
