2928 4724
632 211 670 267 51

571 291 731 302 -a—-u—

35 399 122 464 idem
146 398 406 481 antegrediatur,
435 400 590 478 nocteque
618 399 748 481 peracta
770 398 923 462 meritum
951 399 1011 463 sibi
1039 417 1151 481 parare
1181 399 1269 464 fures

37 505 326 588 comprehendendi
348 506 507 587 potestate
530 504 624 569 facta.
669 504 787 568 Itidem
810 504 876 569 lere
906 506 971 569 iam
994 506 1036 569 M.
1060 505 1173 588 Haupt
1196 525 1270 570 cum

38 612 74 678 G.
97 613 286 676 Hermanno
309 613 329 674 l.
353 631 379 676 c.
403 630 456 675 eos
479 629 591 675 versus
614 611 788 676 intellexit:
813 629 847 674 so
870 610 1002 692 depreifi
1017 611 1131 676 cesion
1156 648 1197 659 -
1221 613 1269 676 in-

38 720 108 800 quit
132 755 176 765 —
200 718 261 782 nie
284 717 336 781 die
352 716 522 798 jdnpiinpc
548 715 586 780 in
616 717 672 780 der
702 715 830 797 darauf
854 715 937 799 (anf
964 716 1018 782 die
1048 716 1184 799 antiope
1214 717 1269 782 des

36 825 204 905 Hesperus
227 823 278 888 ais
300 825 386 888 eines
408 823 512 888 diates
533 822 610 887 oder
631 823 786 908 rdnbers)
807 824 1046 888 aninorienden
1060 825 1185 904 strophe
1208 825 1272 906 anf

37 933 88 995 die
111 932 202 996 dicte
224 931 374 995 konnen.
423 927 540 1027 ‘Dicin
563 929 743 1010 Hesperus,
774 949 901 995 nennen
923 930 970 994 sie
1000 931 1094 994 einen
1126 931 1269 995 rdnter?

37 1039 80 1102 dn
103 1039 168 1102 bist
191 1060 225 1103 es
242 1039 283 1120 ja
305 1036 431 1120 parada
454 1057 511 1102 ner
533 1038 603 1102 dem
627 1037 714 1102 diebe
737 1036 807 1100 nnd
828 1037 947 1100 rdnber
968 1037 1037 1101 sicli
1060 1058 1113 1101 ern
1136 1039 1269 1102 meisien

36 1145 173 1209 selenen
195 1132 347 1210 naissen'
396 1144 543 1209 Venusto
571 1146 621 1209 est
651 1163 688 1208 ea
715 1145 840 1231 vesperi
867 1145 1108 1228 prosopopoeia,
1141 1163 1220 1226 quae
1251 1165 1270 1209 a

36 1253 208 1317 iuvenibus
232 1252 398 1316 retinetur.

124 1360 172 1422 Et
199 1358 388 1422 Baehrensii
422 1358 597 1440 speciosam
633 1358 849 1422 coniecturam
888 1346 1106 1452 (deprendis,
1138 1377 1219 1440 quae
1250 1379 1269 1423 a

36 1465 116 1530 falsa
142 1467 289 1549 opinione
313 1465 467 1547 originem
489 1465 596 1541 traxit,
619 1464 812 1529 reiciendam
835 1483 904 1528 esse
937 1466 1035 1528 etiam
1066 1464 1147 1528 addo
1176 1484 1269 1549 prop-

36 1575 144 1648 terea,
170 1573 245 1653 quia
268 1589 305 1636 ca
329 1571 413 1635 siout
435 1571 541 1634 Riesei
573 1570 796 1635 credulitatem
827 1571 925 1653 cepit,
954 1572 1034 1635 item
1064 1572 1143 1636 alios
1171 1572 1270 1636 inter·

35 1681 143 1761 pretes
169 1679 275 1742 minus
299 1679 409 1742 cautos
433 1677 524 1741 facile
548 1677 692 1760 decipere
714 1678 823 1760 possit.
858 1677 942 1740 Nam
959 1679 1075 1758 quibus
1091 1679 1268 1743 rationibus

36 1785 155 1850 ductus
180 1787 230 1849 est
244 1785 429 1849 Baehrens?
453 1783 681 1864 comprendere,
704 1785 818 1865 inquit.
841 1784 897 1848 ubi
912 1783 997 1867 apud
1013 1785 1112 1848 bonos
1137 1785 1267 1866 quidem

36 1893 209 1976 scriptores
232 1893 266 1955 in
287 1892 339 1956 his
363 1892 458 1955 rebus
479 1891 642 1954 amatoriis
658 1891 752 1973 plane
768 1892 807 1954 ut
832 1879 1097 1986 ‘deprehendere'
1122 1893 1268 1974 ponatur,

35 2019 96 2064 non
132 2000 246 2064 habeo.
275 2033 320 2044 -
354 1997 417 2062 Sed
448 1997 488 2061 ad
517 1998 599 2062 tales
633 2015 701 2075 res,
734 1998 845 2079 quales
874 1998 1040 2061 Baehrens
1075 1999 1195 2079 cogitat
1230 1999 1268 2064 cl.

36 2107 209 2170 comment.
233 2105 273 2170 ad
296 2124 324 2169 v.
349 2112 400 2170 33.
424 2112 476 2180 34,
500 2122 580 2184 quas
604 2122 701 2186 supra
722 2124 753 2186 p.
770 2112 812 2169 49
829 2105 894 2168 iam
909 2105 1086 2185 tetigimus,
1109 2105 1136 2168 is
1153 2107 1267 2170 cantus

34 2232 97 2276 non
120 2212 294 2296 pertinuit,
318 2210 443 2292 quade
467 2229 579 2287 causa,
603 2210 753 2292 quoniam
779 2199 1056 2306 ‘deprehenditur’
1089 2211 1204 2293 aliquis
1235 2213 1269 2276 in

35 2319 102 2402 ipso
127 2319 285 2395 facinore,
314 2317 420 2382 media
449 2318 483 2382 in
511 2317 633 2381 actione
665 2318 773 2398 aliqua
803 2318 854 2382 vel
882 2318 915 2380 in
946 2318 1052 2399 aliquo
1082 2320 1188 2396 statu,
1217 2319 1268 2389 hic

35 2427 147 2490 nullus
172 2427 222 2490 est
246 2426 274 2490 ei
297 2425 449 2490 vocabulo
473 2423 569 2489 locus.
616 2423 708 2503 Quod
731 2425 885 2507 probatur
907 2426 946 2488 ut
970 2426 1114 2508 exempla
1137 2425 1269 2490 afferam

36 2533 85 2597 his
109 2533 190 2596 locis
215 2531 320 2597 Ovidii
342 2549 369 2596 a.
394 2550 421 2596 a.
444 2531 478 2595 Π
503 2539 565 2597 557

223 2639 292 2720 Quo
314 2638 427 2720 inopis,
451 2657 469 2702 c
491 2639 630 2716 invenes,
655 2637 847 2718 deprendere
865 2639 992 2719 parcite
1013 2641 1151 2715 nestram

262 2745 402 2822 Perconi,
424 2749 588 2824 peccantes
610 2745 707 2808 verba
730 2743 853 2810 dedisse
869 2748 993 2825 patent,

36 2856 105 2920 Tac.
138 2857 215 2936 Agr.
246 2873 271 2919 o.
300 2863 336 2917 τε
364 2853 467 2934 ipiinr
500 2852 545 2916 ad
572 2851 738 2917 sollennia
761 2852 897 2931 pietatis
920 2851 1087 2932 profectas
1114 2851 1268 2934 Agricola

36 2962 155 3024 nnntio
184 2959 338 3040 adfectati
368 2980 390 3023 a
419 2959 619 3040 Vespasiano
647 2960 779 3040 inperii
802 2959 1012 3040 depredmns
1035 2959 1203 3022 aestatim
1232 2958 1269 3021 in

29 3071 146 3147 partes
168 3071 387 3148 transgressus
410 3070 463 3144 est,
486 3085 512 3131 c.
538 3074 596 3132 15:
614 3085 716 3146 porro
739 3066 776 3129 in
799 3066 869 3130 eins
891 3066 977 3130 modi
1006 3064 1150 3130 consiliis
1174 3065 1267 3145 peri-

36 3174 178 3239 cnlosins
200 3193 265 3237 esse
287 3172 478 3254 deprehendi
500 3193 599 3254 qnam
621 3173 748 3237 andere.
786 3173 847 3238 Sed
863 3173 1062 3254 comprendis
1077 3192 1140 3237 non
1164 3173 1268 3236 solum

37 3281 261 3364 aptissimum,
284 3298 395 3345 verum
418 3281 510 3344 unice
540 3282 649 3362 aptam
677 3280 776 3344 infert
805 3281 981 3357 notionem,
1013 3280 1162 3361 quoniam
1193 3279 1269 3344 huic

37 3387 216 3452 contrariae
245 3387 322 3450 sunt
350 3387 497 3450 notiones
527 3387 649 3450 latendi
678 3388 728 3450 vel
757 3386 943 3468 effugiendi,
972 3405 1010 3451 er
1040 3387 1154 3468 quibus
1183 3387 1269 3469 prior

36 3493 91 3557 illa
113 3493 169 3557 hic
192 3495 287 3558 antea
309 3492 342 3555 in
365 3512 394 3556 v.
418 3500 460 3556 34
483 3492 623 3556 indicata
647 3494 704 3557 est.

128 3599 192 3664 Sed
214 3601 317 3664 restat
340 3600 523 3663 etiamnunc
547 3600 676 3681 aliquid.
720 3601 760 3663 In
784 3601 968 3683 opinionum
991 3619 1113 3665 errores
1138 3601 1267 3666 deducti

38 3711 115 3770 sunt
138 3706 200 3771 viri
222 3705 307 3770 docti
329 3706 406 3770 locis
431 3707 624 3786 quibusdam
640 3725 677 3771 ex
700 3707 749 3783 iis,
773 3708 888 3788 quibus
904 3707 1068 3790 Hesperus
1093 3710 1126 3772 et
1141 3709 1269 3774 Lucifer

37 3814 274 3888 memorantur,
309 3815 347 3876 ut
382 3811 421 3876 ad
452 3813 537 3878 hunc
566 3814 672 3879 locum
703 3814 922 3879 Caruilianum
952 3814 1025 3878 inde
1056 3815 1268 3880 transferrent

39 3939 109 3984 eam
140 3919 438 4002 interpretationem
468 3938 533 4000 qua
560 3920 622 4002 ipsi
652 3921 712 3985 sibi
742 3921 887 3985 veritatis
918 3921 1151 4001 cognoscendae
1181 3923 1266 3986 viam

40 4027 256 4092 obstruebant.
301 4027 408 4107 Atque
431 4045 532 4091 unum
555 4027 670 4092 erroris
694 4047 794 4109 genus
816 4028 957 4110 pertinet
980 4027 1021 4090 ad
1045 4045 1106 4104 eos,
1132 4029 1186 4108 qui
1208 4047 1266 4111 pu·

41 4135 151 4198 tabant
173 4134 242 4197 loco
266 4131 480 4197 Callimacheo
502 4132 638 4198 Hecales
662 4134 699 4197 fr.
721 4135 783 4198 LH
806 4134 930 4216 decepti
960 4133 1098 4197 similem
1121 4134 1172 4198 hic
1194 4153 1267 4217 pro-

41 4237 113 4303 ferri
136 4238 331 4305 sententiam
354 4239 445 4303 huic:

1012 4345 1052 4400 4*
