2928 4724
604 174 764 266 —Q

156 361 201 426 Et
225 361 375 443 quoniam
390 361 469 425 haec
485 361 591 424 omnia
613 361 660 425 ita
682 361 766 426 iuter
789 380 823 426 se
847 379 963 426 conexa
986 363 1019 426 et
1042 363 1118 444 apta
1141 379 1210 426 esse
1227 381 1300 426 con·

61 470 142 545 stat,
165 487 206 534 ne
229 468 310 533 illud
335 467 462 550 quidem
479 468 648 547 concedere
664 487 750 532 nuno
765 469 848 544 lieet,
873 469 957 550 quod
974 467 1044 550 quis
1060 468 1183 552 opinari
1197 469 1300 552 possit

61 577 101 640 et
123 574 266 640 Pleitner
288 575 307 639 1.
333 594 356 640 a.
381 595 410 657 p.
442 582 483 640 74
508 575 654 657 opinatus
678 576 740 652 est,
763 575 887 658 puellas
911 576 1051 639 oratione
1076 594 1135 640 sua
1156 576 1300 658 tetigisse

60 682 170 747 Eoum
200 700 325 764 quoque
348 700 405 764 per
427 680 619 745 laudationis
647 682 788 762 aliquam
818 682 964 764 speciem.
1017 682 1102 747 Nam
1125 702 1211 747 nunc
1234 702 1299 747 cer-

60 789 232 853 tissimum
254 807 323 854 csse
348 787 528 852 existimare
545 806 639 869 cogor
655 787 738 853 sieut
760 789 793 852 iu
816 789 919 871 prima
943 789 1074 871 stropha
1096 789 1148 854 hic
1173 809 1300 871 quoque

62 895 107 960 de
129 895 276 978 Hespero
299 897 428 959 tantum
453 895 543 976 queri
565 895 688 978 puellas
711 895 855 976 nihilque
871 895 986 960 delloo
1011 895 1179 961 addidisse.
1214 896 1299 960 Nam

62 1002 93 1065 si
116 1001 300 1083 Hesperum
324 1001 523 1084 vituperant,
545 1001 662 1066 ideirco
685 1020 749 1066 non
778 1005 890 1082 optant
918 1001 1080 1066 ardescere
1108 999 1214 1066 anm
1243 1004 1300 1067 aut

59 1107 237 1189 requirunt
258 1108 353 1184 hunc,
378 1108 453 1189 quia
478 1108 571 1172 illum
600 1107 733 1190 fugiant.
786 1108 834 1172 De
866 1109 931 1173 Hoc
961 1109 1020 1173 soli
1050 1109 1181 1173 iuvenes
1212 1128 1298 1174 eom-

61 1218 257 1293 memorant‚
281 1214 337 1279 sed
360 1215 414 1292 ita,
438 1215 476 1278 ut
500 1215 539 1279 ab
562 1215 698 1298 Hesperi
721 1215 950 1296 significatione
973 1215 1106 1298 profecti
1129 1217 1298 1297 tamquam

64 1321 191 1402 aliquid
214 1321 287 1385 novi
312 1320 432 1385 addant
456 1321 592 1386 eundem
614 1323 740 1386 mutato
764 1323 894 1386 tantum
916 1323 1043 1386 nomine
1067 1339 1136 1386 esse
1161 1323 1272 1388 houm.

159 1427 223 1492 Sed
247 1447 304 1492 cur
326 1428 359 1492 id
383 1427 534 1492 additur?
568 1428 704 1492 Iuvenes
721 1447 795 1492 cum
811 1427 992 1510 Hesperum
1007 1429 1087 1492 nihil
1109 1429 1156 1494 rei
1178 1429 1295 1494 babere

61 1554 141 1600 cum
164 1533 261 1599 furtis
285 1536 545 1611 commonstrant,
568 1534 666 1600 immo
689 1535 809 1617 pariter
832 1553 906 1600 eum
929 1535 979 1600 his
1003 1536 1204 1601 obstaculum
1228 1554 1297 1601 esse

63 1641 401 1725 impedimentumque
425 1643 458 1705 et
480 1642 605 1706 mutato
629 1642 757 1706 nomine
782 1641 1004 1706 adiumentum
1028 1643 1068 1707 ad
1098 1642 1185 1707 fures
1214 1662 1299 1708 eom·

62 1748 327 1832 prehendendos‚
357 1747 556 1829 redarguunt
578 1748 718 1832 primum
742 1751 816 1831 apta
839 1749 1019 1831 puellarum
1043 1750 1203 1830 querelas,
1227 1751 1299 1814 tum

63 1854 230 1920 addidisse
254 1855 287 1919 id
312 1854 440 1936 quidem
463 1854 613 1918 videntur
635 1855 696 1919 hac
718 1854 784 1919 fere
814 1855 852 1919 de
883 1873 996 1932 causa,
1028 1855 1112 1936 quod
1141 1856 1203 1938 ipsi
1232 1873 1298 1920 me·

61 1961 221 2027 morabile
244 1963 404 2044 putabant
426 1961 477 2026 vel
500 1963 538 2025 ut
560 1962 680 2026 rectius
711 1961 835 2026 dicatur
865 1965 976 2044 poeta,
1004 1963 1059 2043 qui
1090 1962 1148 2026 hos
1178 1961 1224 2026 ita
1253 1963 1298 2026 lo-

62 2070 205 2151 quentes
229 2067 312 2134 iecit.

156 2177 266 2257 Atque
289 2175 321 2240 id
344 2176 468 2258 ipsum,
499 2175 582 2257 quod
611 2194 685 2240 aum
716 2175 777 2240 levi
809 2176 917 2257 ahqua
947 2176 1108 2258 amplioris
1145 2175 1295 2240 scientiae

61 2282 240 2347 iactatione
263 2317 308 2328 —
332 2282 416 2363 quod
438 2282 518 2346 item
541 2281 739 2346 Pleitnerum
761 2302 825 2346 non
849 2281 932 2364 fugit
955 2283 974 2347 1.
999 2303 1024 2346 c.
1047 2303 1076 2365 p.
1094 2292 1133 2347 71
1161 2319 1202 2330 -
1226 2301 1298 2365 pro-

61 2391 201 2473 ponunt,
222 2388 404 2472 Hesperum
427 2392 462 2454 at
484 2389 588 2453 Eoum
610 2388 695 2453 idem
720 2408 789 2454 esse
814 2389 918 2467 sidus,
941 2390 1003 2454 bac
1026 2389 1064 2454 de
1096 2407 1193 2453 eausa
1223 2389 1298 2469 quia

62 2515 130 2562 non
161 2497 209 2560 ita
239 2496 379 2578 vulgaris
410 2495 508 2560 fuisse
540 2513 578 2559 ea
607 2495 740 2560 seientia
769 2495 949 2573 videretur,
980 2496 1107 2560 omnino
1139 2496 1199 2560 boc
1229 2496 1296 2560 loco

64 2605 353 2668 commemoratum
386 2601 485 2666 fuisse
520 2602 588 2666 iure
627 2602 777 2684 suspicor.
836 2602 954 2667 Contra
989 2602 1154 2667 Catullum
1191 2603 1298 2684 ipsum

63 2710 127 2775 hoc
175 2709 215 2776 de
261 2709 403 2792 Hespero
450 2708 623 2790 eodemque
669 2709 733 2774 Eoo
784 2727 918 2774 novasse
963 2709 1125 2791 probabile
1171 2708 1298 2772 videtur

63 2817 101 2880 B.
128 2816 308 2882 Schmidtio
331 2816 364 2879 in
386 2817 505 2898 proleg.
527 2835 557 2899 p.
574 2815 717 2880 LXXVI.
753 2815 847 2892 Nam,
870 2818 908 2879 ut
923 2816 1018 2879 huius
1036 2817 1132 2880 verba
1156 2814 1296 2892 afferam,

67 2923 152 3020 <etsi
176 2909 416 3006 disceptabatur
446 2942 465 2987 a
493 2923 653 2988 veteribus
685 2922 756 3004 quis
787 2923 909 3006 primus
940 2922 1220 2986 animadvertisset
1249 2921 1297 2984 di-

63 3032 206 3108 xissetpe
229 3030 411 3112 Hesperum
435 3034 468 3095 et
482 3029 665 3095 Luciferum
683 3029 819 3094 eundem
843 3047 922 3107 esse,
945 3048 1038 3093 nemo
1061 3032 1170 3093 tamen
1191 3047 1296 3109 neque

66 3137 198 3221 Sappho
220 3153 325 3218 neque
350 3155 544 3218 quemquam
567 3137 628 3201 hae
651 3137 864 3218 antiquiorem
888 3136 955 3201 eius
979 3136 1026 3200 rei
1049 3138 1211 3200 auctorem
1227 3136 1297 3198 lau·

69 3245 177 3321 davit,
201 3244 257 3308 sed
280 3245 338 3308 aut
366 3243 584 3326 Pythagoram
615 3244 673 3307 aut
695 3241 918 3307 Parmenidem
948 3245 1005 3306 aut
1033 3243 1168 3326 Ibycum
1196 3242 1297 3306 nomi·

68 3341 166 3418 nant’
193 3371 221 3416 v.
244 3351 329 3416 locos
353 3350 470 3416 ibidem
494 3351 617 3416 allatos.
956 3351 957 3356 ’

156 3461 205 3523 Ac
227 3458 367 3541 primum
391 3457 520 3538 quidem
543 3455 677 3521 eandem
700 3457 738 3520 ob
762 3475 893 3521 causam
916 3457 990 3521 huie
1014 3457 1080 3521 viro
1103 3456 1212 3532 docto,
1236 3455 1297 3519 etsi

65 3566 98 3630 id
124 3564 245 3631 Catulli
269 3583 397 3629 carmen
420 3565 526 3628 totum
549 3563 583 3626 in
606 3562 784 3627 imitatione
802 3561 950 3646 Sapphus
965 3563 1106 3646 positum
1129 3581 1198 3626 esse
1223 3581 1297 3626 cum

69 3673 142 3736 aliis
166 3674 276 3736 causet
298 3672 317 3736 l.
342 3690 367 3736 e.
391 3689 420 3752 p.
444 3669 588 3746 LXXIV,
612 3672 721 3734 tamen
744 3670 777 3734 et
799 3669 851 3733 hic
874 3673 907 3734 et
930 3671 991 3733 alio
1019 3670 1115 3734 huius
1146 3668 1295 3733 carminis

70 3780 139 3844 loco
170 3780 204 3842 in
233 3777 378 3843 versibus
407 3784 449 3842 49
460 3795 529 3858 sqq.
553 3775 701 3842 Catullus
732 3776 879 3859 Sapphus
908 3777 1119 3840 imitationem
1148 3793 1211 3840 neu
1240 3792 1296 3856 per

68 3885 197 3967 singula
221 3884 328 3948 omnia
351 3884 490 3948 tenuisse
514 3883 649 3959 videtur,
673 3883 729 3948 sed
752 3884 905 3947 nonnulla
928 3884 1094 3966 paululum
1124 3882 1297 3945 immutata

68 3990 245 4056 reddidisse
268 3991 324 4067 ita,
347 3994 384 4055 ut
407 3991 462 4055 illo
485 3991 552 4055 loco
577 3991 742 4072 vulgarem
773 4008 849 4054 suae
881 3991 995 4054 aetatis
1026 3990 1206 4063 scientiam,
1236 3987 1296 4052 hoo

70 4099 172 4164 altero
197 4097 313 4162 Itahae
338 4098 372 4161 in
401 4098 519 4163 vitibus
551 4097 689 4164 colendis
719 4115 841 4162 morem
871 4099 1067 4178 sequeretur.
1112 4095 1296 4176 Utrumque

69 4225 131 4270 nou
155 4207 283 4270 rectum
305 4205 426 4280 iudico;
450 4205 488 4269 de
512 4203 612 4268 altero
635 4203 703 4268 loco
726 4203 809 4268 infra
832 4202 1018 4268 videbimus.
