2934 4742
581 195 739 284 „raa—

46 399 73 462 p.
99 387 142 444 89
169 415 209 426 -
233 379 321 443 rivus
345 381 484 463 primum
507 381 540 445 in
562 382 680 446 vertice
708 382 765 446 alti
795 383 914 448 montis
945 383 1128 466 prosiliens,
1160 385 1273 450 deinde

46 505 101 568 per
123 486 331 569 praecipitem
354 487 471 552 vallem
494 488 644 554 deorsum
668 507 736 553 6666
760 491 898 567 volvens,
922 489 1059 571 denique
1081 491 1114 554 in
1141 491 1274 575 planitie

47 593 130 657 uam
162 593 303 674 aliquam
340 613 436 659 curan
465 595 633 678 placidiore
670 598 703 660 ct
732 596 927 679 pedetentim
958 585 1145 662 transiens'.
1192 600 1274 663 Tum

46 701 119 782 apte
144 702 178 764 et
201 701 351 765 concinne
375 702 443 765 eius
472 703 617 766 vocabuli
646 703 808 767 notionem
836 703 927 768 dooet
957 705 990 768 et
1019 704 1123 787 pergit
1153 724 1182 787 p.
1214 712 1274 770 90:

49 807 179 902 tItaque
203 807 289 890 apud
312 807 476 873 Catullum
506 809 566 874 hoc
590 809 775 874 adverbium
808 797 978 902 (sensim',
1008 811 1158 892 quoniam
1189 811 1274 876 lente

45 913 151 978 rivum
180 914 347 997 procedere
385 915 556 996 signifieat,
587 917 665 981 satis
697 916 896 980 demonstrat
923 917 1104 1000 pervenisse
1136 936 1210 981 enm
1240 919 1276 982 in

45 1020 223 1104 planitiem.
267 1023 373 1103 Atque
396 1024 434 1085 ut
456 1022 621 1105 planitiem
646 1024 835 1104 cogitatione
859 1022 1066 1088 informemus
1084 1023 1273 1090 adducimur

44 1127 144 1192 etiam
168 1146 213 1204 66,
237 1128 321 1209 qued
345 1127 504 1193 adiectum
528 1130 578 1193 cat
601 1128 664 1192 iter
682 1115 822 1209 populi'.

135 1232 301 1312 Quomodo
325 1236 433 1298 autem
457 1235 490 1298 id
512 1235 581 1300 fieri
604 1238 719 1319 potest,
742 1237 781 1300 ut
803 1236 890 1300 rivus
914 1236 975 1300 iter
1005 1255 1099 1300 sunm
1128 1237 1274 1302 conficiat

46 1359 103 1423 per
126 1341 271 1406 medium
293 1340 421 1424 populi?
446 1343 502 1405 ant
525 1344 562 1406 ut
584 1343 726 1406 medium
748 1342 812 1406 iter
827 1342 936 1426 populi
951 1342 1146 1407 transeundo
1163 1346 1273 1408 secet?

44 1452 89 1512 Ac
112 1449 141 1511 si
164 1466 221 1531 per
244 1466 278 1512 66
301 1448 444 1529 intellegi
465 1449 566 1531 possit
589 1451 717 1532 pontem
740 1449 774 1512 in
797 1467 834 1513 eo
849 1449 972 1515 laetum
988 1468 1066 1526 6666,
1090 1469 1146 1515 cur
1161 1453 1274 1534 poetae

44 1558 154 1619 tamen
184 1554 399 1619 necessarium
428 1554 532 1618 visum
563 1557 612 1619 eat
635 1574 692 1638 per
714 1555 853 1619 mediam
876 1557 961 1621 viam
985 1557 1089 1620 rivum
1119 1556 1274 1621 fluentem

45 1661 175 1726 facere?
200 1660 255 1726 sed
279 1662 306 1724 ei
328 1664 454 1744 praeter
477 1662 562 1726 viam
584 1661 657 1726 finit
672 1662 737 1726 sire
761 1662 1015 1745 praeterfluendo
1039 1664 1124 1728 viam
1147 1665 1273 1740 transit,

45 1768 170 1831 transit
192 1767 254 1831 der
272 1766 387 1848 populi
409 1771 494 1832 recte
518 1768 642 1832 dicitur.

135 1875 222 1938 Nam
245 1875 432 1939 transeundi
455 1876 587 1939 verbum
610 1893 673 1939 nen
696 1877 800 1939 solum
823 1875 902 1940 duas
920 1875 992 1939 illas
1010 1877 1145 1957 quanli.
1162 1876 1275 1958 Haupt

45 1985 64 2046 l.
88 2002 114 2047 c.
141 1981 309 2046 constituit
331 1981 474 2046 notiones
498 1982 614 2046 habere
637 1983 752 2064 potest,
777 1981 831 2046 aed
855 1984 929 2046 tres.
971 1982 1115 2076 tTransit
1138 1983 1198 2046 iter
1220 2001 1275 2066 po-

46 2079 127 2173 puli'
155 2088 331 2153 seeundum
356 2088 489 2171 Hauptii
511 2089 807 2171 interpretationem
832 2091 888 2151 aut
920 2089 975 2170 qui
1005 2089 1091 2152 viam
1123 2089 1274 2170 aliquam,

47 2216 103 2280 per
128 2214 228 2278 quam
250 2195 287 2258 fit
309 2191 370 2258 iter
392 2195 518 2278 populi,
549 2197 741 2260 transmittit
772 2195 837 2260 sive
868 2197 956 2260 secat
985 2197 1042 2258 ant
1070 2196 1098 2259 is
1128 2196 1183 2276 qui
1213 2196 1275 2260 iter

47 2323 144 2368 suum
180 2319 386 2386 peromnem
410 2302 477 2366 eius
502 2303 571 2366 viae
594 2302 825 2384 longitudinem
849 2302 1044 2366 transeundo
1073 2301 1207 2366 conficit.
1231 2336 1275 2348 -

48 2411 110 2475 Sed
136 2409 320 2474 addendum
344 2410 393 2472 est
408 2409 512 2473 nuum
529 2409 626 2474 etiam
642 2410 687 2472 ita
703 2411 765 2474 iter
787 2410 894 2492 populi
912 2396 1096 2504 ttransire'‚
1119 2410 1156 2472 ut
1178 2408 1274 2472 huius

46 2519 116 2595 iter,
140 2535 206 2582 non
229 2535 333 2592 suum,
356 2535 413 2598 per
437 2516 598 2597 quandam
620 2515 853 2598 longitudinem
868 2515 1097 2598 praeterfluens
1122 2514 1275 2579 conficiat.

47 2626 131 2689 Nam
157 2623 234 2706 quid
258 2625 326 2687 tam
350 2623 520 2704 singularis
550 2623 610 2686 rivi
641 2623 775 2686 alicuius
806 2622 946 2687 condicio
975 2623 1067 2698 velit,
1097 2622 1152 2703 qui
1182 2622 1276 2697 riam,

46 2752 101 2815 per
126 2749 226 2813 quam
249 2731 312 2793 iter
334 2729 371 2793 fit
392 2730 509 2813 populi,
534 2732 635 2794 totam
660 2730 699 2794 ab
722 2729 812 2792 initio
836 2747 938 2810 usque
963 2728 1122 2792 adfinem
1146 2727 1276 2792 comite-

47 2843 100 2903 tur
125 2843 159 2902 et
182 2835 398 2921 praeterfluat
422 2837 592 2902 obscurum
616 2839 674 2901 est.
720 2835 891 2900 Praeterea
915 2835 1037 2900 accedit
1059 2835 1155 2898 tertia
1185 2851 1277 2916 prae·

47 2944 196 3010 tereundi
219 2945 285 3008 sive
310 2943 481 3026 superandi
497 2944 583 3007 notio
608 2943 658 3007 vel
681 2944 843 3007 hominem
866 2943 916 3006 vel
939 2942 1053 3016 locum,
1077 2941 1164 3005 ultra
1180 2958 1277 3021 quem
1331 3011 1335 3032 ,

46 3053 118 3134 quis
143 3049 313 3115 antecedit.
358 3050 404 3115 Ut
428 3049 559 3115 Ovidius
582 3051 658 3114 met.
681 3050 711 3112 X
736 3057 797 3114 672
823 3049 861 3113 de
885 3047 1054 3112 Atalanta:
1165 3103 1168 3108 .

390 3154 603 3237 Consequitur
624 3156 805 3236 transitque
827 3155 934 3218 cirum

47 3285 89 3331 66.
114 3283 222 3341 cursu,
245 3267 449 3328 nontamen
472 3264 542 3346 ipsa
565 3281 677 3327 rursus
708 3281 735 3326 v.
767 3271 830 3328 660
866 3332 874 3356 t
881 3261 1055 3344 praeterita
1085 3262 1135 3324 est
1162 3246 1277 3341 virgo'.

48 3373 138 3437 Adde
163 3391 191 3435 v.
217 3378 278 3436 686
304 3369 342 3434 cl.
368 3379 427 3436 691
459 3373 492 3434 et
521 3369 559 3433 de
582 3369 724 3451 fugiente
748 3368 861 3433 Medea
891 3367 956 3431 VII
986 3375 1060 3433 666.
1107 3366 1169 3432 Sed
1198 3367 1277 3430 haec

46 3481 134 3544 notio
158 3477 339 3543 Catulliano
362 3477 430 3541 1666
453 3495 517 3540 666
540 3478 590 3540 est
613 3478 697 3558 apte.

137 3586 252 3666 Itaque
287 3603 356 3677 tper
382 3584 524 3648 medium
559 3583 648 3646 densi
678 3583 796 3646 transit
823 3583 885 3646 iter
913 3567 1036 3663 populi'
1067 3581 1157 3645 nullo
1184 3578 1278 3643 modo

48 3693 192 3774 intellegi
215 3693 328 3774 potest.

140 3799 203 3865 Sed
234 3784 384 3894 ‘sensim'
426 3797 466 3860 ad
495 3797 595 3862 totius
625 3796 686 3860 loci
720 3796 876 3860 rationem
907 3793 1177 3860 accommodatius
1208 3809 1277 3856 6666

47 3907 161 3990 negari
184 3905 286 3970 debet.
331 3905 430 3969 Inane
459 3904 495 3968 fit
518 3903 551 3966 id
580 3903 784 3978 vocabulum,
815 3902 842 3966 si
872 3902 935 3966 duo
965 3900 1135 3982 sequentes
1166 3915 1277 3962 versus

48 4013 289 4078 adsciscuntur:

229 4115 333 4182 Dulce
355 4115 473 4181 victam
496 4115 581 4180 lasso
603 4115 641 4179 io
662 4115 778 4180 sudore
801 4114 949 4191 koamea,

277 4221 358 4289 Onam
379 4225 490 4305 procis
513 4226 638 4287 exustos
660 4227 767 4286 666666
789 4220 913 4285 uiuunt
935 4237 1037 4302 apros.
