2928 4724
647 221 686 277 11

586 301 743 312 ——-.

255 405 336 486 Quot
358 425 429 468 eum
451 405 495 470 sit
516 404 713 470 viridissimo
735 411 838 488 raupta
858 407 937 488 flore
956 408 1077 488 puella,

54 511 106 575 ubi
133 513 173 576 nt
199 531 218 576 e
245 512 396 596 proximis
426 515 558 596 apparet
586 514 783 579 matrimonii
820 517 924 581 status
953 516 1019 580 iam
1046 516 1191 599 inceptus
1222 534 1278 581 no-

54 619 151 682 tatur.
419 630 421 634 ’

143 723 207 789 Sed
229 726 401 790 varIetates
424 728 553 790 tentum
576 726 733 808 quasdam
757 727 824 792 eius
848 729 1002 802 notionis,
1032 746 1113 811 quae
1137 747 1278 794 eommu-

55 832 122 895 tata
151 832 353 897 oolloeatione
383 833 452 916 ipse
481 833 687 911 immutatur,
724 834 900 917 significare
929 835 1087 900 voluimus
1118 836 1277 918 simulque

55 938 132 1002 illud
155 939 296 1004 indieare
320 958 393 1004 eum
410 940 515 1004 loeum
531 940 778 1022 grammatieum
800 941 932 1022 dignum
955 960 1032 1019 esse,
1057 942 1112 1024 qui
1129 944 1277 1007 aeeurate

53 1047 254 1110 tractaretur.
287 1045 349 1111 Sed
365 1047 420 1129 qui
436 1065 509 1111 eum
525 1047 721 1125 tractaverit,
745 1049 818 1130 apte
835 1048 931 1112 simul
946 1048 1124 1112 adiunxerit
1140 1048 1278 1113 alterum

52 1153 158 1216 loeum
181 1153 238 1234 qui
261 1154 311 1217 est
334 1153 372 1218 de
394 1154 588 1237 pronominis
615 1154 791 1237 personalis
822 1172 884 1219 usu
914 1155 947 1218 et
971 1155 1174 1220 eolloeatione
1203 1174 1277 1220 oum

53 1259 155 1323 verbis
185 1259 334 1342 eopulati.
378 1259 505 1324 Dioitur
539 1259 624 1324 enim
657 1259 786 1324 surreue'
820 1262 853 1325 et
887 1279 941 1343 ego
974 1260 1104 1325 surrexi
1138 1263 1171 1326 et
1203 1279 1276 1325 sur-

52 1365 121 1428 reaa'
144 1383 200 1446 epo
229 1384 303 1430 eum
333 1367 471 1448 quadam
502 1349 686 1432 diversitate
720 1367 921 1445 intentionis
958 1368 1047 1432 velut
1077 1367 1185 1434 Cieero
1219 1387 1276 1451 pro

10 1533 11 1538 ,
56 1470 120 1536 Sex.
155 1473 249 1537 Rosa.
285 1479 342 1549 22,
378 1480 420 1538 60
454 1474 533 1538 haee
567 1473 662 1537 dixit:
694 1473 860 1552 peroravit
893 1472 1071 1554 aliquando
1105 1473 1276 1560 (Erucius),

55 1577 200 1642 adsedit:
241 1578 371 1642 surrexi
408 1597 477 1661 ego,
525 1597 607 1662 quae
648 1582 721 1663 epte
763 1580 913 1645 describit
945 1581 1044 1645 Halm
1084 1599 1170 1660 „wer
1209 1600 1278 1645 nun

55 1684 216 1762 anistand,
251 1685 308 1749 das
343 1704 408 1750 war
443 1687 528 1751 ioh“.
586 1685 740 1751 Similiter
775 1685 890 1751 dieitur
927 1687 1058 1752 aurreue'
1092 1706 1145 1769 epo
1180 1689 1276 1769 atque

54 1791 130 1856 illud
161 1790 334 1856 00110100.
379 1792 450 1857 Iam
477 1792 558 1857 illud
587 1794 672 1875 quod
699 1793 760 1858 hae
783 1793 976 1874 digressione
997 1795 1181 1877 paravimus
1207 1794 1277 1859 iure

55 1898 242 1963 eontendere
271 1899 360 1976 11001,
394 1901 491 1965 rerba
520 1903 567 1963 est
594 1898 673 1964 deta
700 1901 734 1964 in
758 1899 877 1966 Catulli
907 1901 1045 1965 carmine
1075 1918 1205 1983 prorsus
1236 1900 1278 1964 ad

55 2022 122 2069 eam
149 2005 366 2070 eolleoationis
401 2006 545 2072 inversae
579 2006 742 2072 notionem
775 2006 1016 2090 interpretanda
1050 2025 1127 2071 esse.
1172 2005 1277 2088 Igitur

30 2111 204 2192 ¹quoniam
232 2112 452 2195 praegreditur
483 2101 557 2210 ‘est'
593 2113 677 2195 quod
709 2113 916 2196 subsequitur
944 2113 977 2177 id
999 2113 1210 2197 perticipium,
1239 2131 1277 2178 ea

55 2220 147 2284 rerba
169 2219 350 2302 perfeetum
374 2221 513 2302 aliquem
538 2222 660 2285 statum
683 2221 825 2285 indieant
839 2238 943 2302 neque
967 2221 1030 2284 elia
1053 2222 1103 2284 est
1125 2219 1206 2284 ratio
1230 2220 1277 2284 al-

54 2326 150 2391 terius
171 2326 235 2391 loei
251 2325 422 2392 Catulliani
445 2327 483 2392 de
500 2326 642 2393 Cominio
664 2327 765 2392 inriso
790 2329 971 2392 aeousatore
996 2345 1021 2391 0.
1037 2325 1145 2391 CVIII
1163 2335 1277 2408 aequ:
1375 2387 1384 2396 .

231 2431 306 2497 Nou
329 2433 473 2514 equidem
495 2432 603 2498 1101110
626 2433 707 2514 quire
724 2432 872 2512 primum
894 2432 1030 2497 10101100
1053 2432 1203 2498 bouerruu

319 2537 452 2621 Iu'ugua
474 2543 581 2604 auerte
603 2539 698 2604 auido
720 2538 765 2603 011
786 2539 865 2604 duta
886 2538 1035 2617 uulturio,

231 2643 373 2728 Effossos
396 2645 502 2711 000100
523 2650 609 2710 aeret
631 2650 702 2710 atro
722 2650 849 2727 gutture
871 2665 991 2723 cereus,

318 2751 480 2817 Iuteetiue
502 2771 606 2830 00000,
630 2757 733 2818 cetera
754 2751 894 2816 membru
917 2750 996 2832 tupi.

10 2891 11 2900 ,
55 2858 115 2923 Ubi
144 2859 311 2924 Baehrens
348 2860 391 2923 sit
421 2859 500 2924 dote
535 2879 593 2943 per
624 2877 738 2956 tquam
773 2860 935 2924 eelerrime
971 2845 1078 2923 detur'
1109 2856 1277 2932 deseribit3

55 2967 171 3030 reetius
187 2966 297 3044 Riese,
321 2967 398 3031 dum
422 2966 556 3048 singulis
580 2966 684 3031 verbis
707 2965 1003 3048 interpretationem
1025 2963 1155 3047 propius
1178 2961 1279 3045 appli-

56 3075 112 3150 eet,
135 3073 184 3138 sie
206 3073 328 3138 reddit:
351 3071 403 3136 0110
425 3069 571 3154 Ζο100011
593 3071 636 3136 ist
658 3071 695 3135 iu
718 3071 774 3135 der
790 3070 863 3135 Zett
885 3070 941 3134 der
964 3069 1058 3136 Verso
1081 3070 1169 3131 4-6
1183 3067 1278 3133 scbou

56 3176 103 3241 ele
133 3178 338 3261 0109010οῇ00
367 3177 584 3260 ausgeelre'telot.
632 3177 696 3244 aed
719 3177 804 3260 quod
832 3180 959 3260 tempus
990 3176 1137 3241 futurum
1158 3175 1279 3240 1111100-

57 3285 124 3350 tum
148 3304 219 3351 esse
242 3286 333 3365 dieit,
356 3287 462 3369 potius
485 3286 555 3369 ipsa
578 3285 729 3368 cogitatio
751 3286 838 3349 modi
860 3283 1044 3368 potentialis
1066 3283 1176 3348 formis
1203 3270 1276 3378 tsit'

58 3391 101 3474 (et
118 3381 253 3490 ε10101)
273 3393 468 3476 exprimitur,
490 3393 542 3458 eui
556 3393 604 3457 vis
620 3391 779 3475 perfectae
796 3391 929 3457 aetionis
945 3409 1003 3474 per
1017 3377 1124 3486 ‘data'
1139 3389 1278 3453 additur.

141 3499 240 3564 Porro
270 3501 298 3564 si
319 3501 369 3564 Fr.
395 3484 503 3565 Sehdll
527 3518 601 3564 eum
624 3516 753 3563 versum
777 3500 921 3576 aoousat,
952 3497 1037 3580 quod
1067 3496 1279 3562 enumeratio-

59 3622 129 3670 aem
151 3605 250 3670 faeiat
279 3607 318 3671 ab
342 3606 525 3671 hexametro
549 3606 781 3682 abhorrentem,
810 3607 895 3670 osrte
920 3605 959 3669 ab
983 3602 1069 3668 omni
1091 3603 1179 3686 poesi
1202 3620 1279 3666 enu-

59 3711 238 3777 merationis
261 3713 404 3778 taedium
420 3713 559 3778 alienum
582 3715 648 3787 est3
672 3711 729 3776 sed
751 3712 878 3776 etiamsi
894 3710 934 3776 ad
957 3729 1111 3776 eonerum
1127 3727 1278 3774 versuum

60 3822 97 3880 62
122 3819 154 3883 et
177 3826 220 3884 64

195 3923 377 4007 Virgtuitus
398 3945 462 3990 uou
484 3929 549 3988 tote
564 3929 623 3988 tue
646 3928 699 4002 est,
722 3943 761 3988 00
780 3928 875 4008 perde
891 3927 1067 4005 pereutruu
1089 3925 1143 4000 est,

192 4031 303 4096 Tertia
325 4030 394 4096 sote
416 4036 474 4096 tue
497 4035 557 4109 esu
1144 4109 1147 4114 Δ

61 4155 165 4204 versus
190 4147 231 4206 63
255 4157 319 4204 non
341 4140 539 4204 necessarius
563 4139 716 4216 rideatur,
739 4141 849 4204 tamen
871 4157 930 4203 nee
945 4154 1061 4202 noeens
1076 4154 1136 4200 nee
1150 4135 1277 4218 ineptus

61 4243 186 4311 iudieari
208 4247 317 4330 possit.
362 4247 447 4311 Nam
470 4249 498 4312 si
526 4247 606 4312 illud
633 4265 686 4342 ter
700 4235 806 4330 parte'
833 4246 962 4312 invenes
990 4262 1063 4308 eum
1088 4241 1278 4308 verecundia
