2928 4724
594 199 753 290 —12—

71 414 123 460 ner
153 395 172 458 l.
203 413 228 458 c.
258 394 275 457 I
309 413 340 476 p.
370 396 486 471 356sq.
517 390 550 454 et
575 388 609 452 in
638 390 675 451 A.
705 387 918 454 Baumeisteri
958 389 1155 456 Dealcmciler
1184 392 1213 456 d.
1242 392 1283 458 iel.

73 500 109 564 A.
130 521 154 563 s.
175 520 203 563 a.
233 497 375 564 chcrca’
397 496 447 560 HI
476 515 505 578 p.
529 500 630 569 20853
663 493 805 577 picturae
833 496 1012 579 exemplum
1039 500 1212 582 repetitum
1235 504 1284 566 est

75 606 193 673 eMoa.
216 605 299 671 Iasi.
322 605 369 669 DI
391 611 444 668 42.

154 714 244 778 Tales
273 712 371 794 igitur
399 711 519 792 figurae
550 708 728 774 subtemine
758 708 877 773 inserto
902 709 1120 776 efficiebantur
1148 712 1186 778 ci.
1208 715 1228 777 l.
1253 735 1278 779 c.

75 820 135 903 lp.
158 828 230 886 129.
278 817 339 884 Sed
371 817 521 899 quoniam
551 817 590 880 ab
621 817 689 880 arte
719 815 826 897 ahqua
855 815 1072 882 Romanarum
1102 820 1283 902 puellarum

79 945 111 992 aa
132 946 179 992 ars
201 925 350 990 insuendi
380 926 436 990 aut
462 922 624 988 intexendi
651 923 775 1005 palmas
802 923 889 987 nullo
919 923 1011 988 modo
1039 927 1141 1008 repeti
1169 929 1283 1010 potest,

77 1034 146 1098 haec
167 1052 218 1098 ars
243 1033 283 1097 ad
314 1049 443 1114 graecas
472 1030 595 1114 puellas
625 1028 790 1093 referenda
820 1031 883 1106 est,
914 1030 1028 1111 quibus
1060 1030 1186 1116 Sappho
1214 1035 1285 1118 ipsa

78 1159 110 1204 er
129 1159 186 1204 usu
209 1139 366 1204 cotidiano
389 1138 423 1201 et
445 1135 569 1218 vulgari
592 1153 663 1200 eam
686 1136 788 1198 artem
810 1135 932 1200 tribuit.
971 1135 1053 1216 Quid
1077 1139 1159 1220 quod
1183 1159 1284 1205 unum

80 1247 181 1311 saltem
203 1245 421 1327 fragmentum
444 1262 482 1308 ex
505 1243 572 1307 eius
596 1241 788 1306 carminibus
812 1243 930 1320 exstat,
952 1243 986 1306 in
1014 1262 1075 1325 quo
1106 1245 1174 1310 eius
1205 1247 1283 1311 artis

78 1372 137 1417 mos
175 1355 207 1417 et
243 1349 436 1417 consuetudo
471 1350 616 1432 apparet,
652 1348 691 1412 ab
721 1347 981 1430 Hephaestione²
1015 1369 1044 1432 p.
1080 1359 1121 1416 ab
1156 1352 1213 1435 (=
1245 1351 1283 1416 fr.

79 1459 180 1542 908³)
205 1460 369 1523 serratum
390 1457 465 1531 hec;

245 1563 375 1648 ytr'meca
397 1572 508 1649 μᾶτερ,
532 1558 622 1626 οὗτοι
644 1559 784 1643 δύναμαι
806 1558 920 1648 κρέκην
941 1557 1118 1643 vivituros,

242 1668 343 1756 πόθῳ
367 1668 506 1752 depereo
527 1666 651 1744 παῖδας
671 1663 828 1754 βραδίναν
850 1656 901 1733 δι’
923 1657 1131 1755 Ἀφροδίταν.

74 1776 188 1864 κρέκειν
210 1779 335 1855 autem,
358 1776 441 1840 uude
465 1775 645 1840 derivatum
668 1776 718 1839 est
745 1774 861 1862 κροκή,
891 1774 929 1839 de
960 1776 1137 1841 subtemine
1167 1777 1284 1842 dicitur

75 1884 110 1949 ol.
130 1885 168 1948 Η.
189 1885 343 1948 Blsrmner
370 1884 391 1946 l.
421 1901 447 1947 o.
473 1883 490 1946 I
512 1902 542 1965 p.
569 1890 654 1959 124,
684 1899 746 1963 qua
775 1900 849 1945 cum
880 1879 1026 1964 Sapphus
1054 1884 1162 1965 puella
1183 1882 1285 1948 Hora-

74 1993 155 2055 tiana
182 1992 238 2055 illa
264 1990 406 2054 Neobule
433 1988 645 2071 comparanda
673 1990 722 2052 est
748 2007 774 2052 c.
797 1987 849 2052 HI
874 1995 930 2065 12,
954 1989 1005 2053 eui
1031 1987 1171 2069 qualeae,
1196 1989 1284 2068 lalus,

73 2117 273 2178 operosaeque
294 2095 468 2160 Minervae
489 2094 633 2158 stadium
654 2095 733 2159 item
756 2112 844 2158 amor
867 2093 979 2158 aufert.

153 2204 284 2269 Accedit
307 2204 497 2279 ausoauso,
521 2220 578 2266 cur
599 2201 741 2284 palmam
770 2201 861 2264 illam
885 2199 1099 2266 Catullianam
1121 2202 1285 2281 intextam,

71 2331 131 2376 non
151 2312 293 2376 insutum
316 2309 486 2391 significari
507 2310 667 2391 putemus.

153 2417 190 2481 In
219 2417 361 2481 Helenae
392 2414 596 2498 epithalamio
619 2413 804 2478 Theocriteo
834 2413 1008 2478 laudantur
1036 2433 1136 2480 novae
1164 2417 1284 2498 nuptae

71 2527 151 2588 artes
171 2524 222 2588 his
246 2523 389 2588 versibus
413 2541 438 2586 c.
460 2520 574 2586 XVIII
598 2527 744 2586 32--342

242 2626 313 2694 οὔτε
336 2650 386 2706 τις
409 2625 445 2692 ἑκ
467 2625 599 2714 balaac
621 2622 816 2692 marterterae
838 2621 916 2714 ἔργα
939 2636 1085 2708 τοιαῦτα,

242 2723 312 2801 οὔτ’
338 2733 384 2800 ἐνὶ
408 2731 569 2820 barbatae)
593 2734 810 2820 πυκινώναρον
834 2732 945 2822 ἶν’τριον
968 2729 1047 2824 ἱστῷ

241 2838 365 2930 κερκίδι
387 2838 603 2925 σνμπλέξασα
625 2853 759 2928 μακρῶν
781 2829 879 2924 itap'
906 2838 943 2906 ἐκ
964 2839 1152 2906 abemus·

69 2951 120 3015 ubi
146 2951 374 3034 posterioribus
412 2949 535 3013 duobus
573 2949 717 3013 versibus
755 2966 807 3012 ars
838 2948 871 3011 in
900 2947 1091 3012 firmissimis
1121 2948 1285 3014 textilibus

69 3059 232 3141 conspicua
256 3057 443 3133 celebratur,
472 3074 552 3137 quae
583 3056 611 3119 si
639 3055 780 3138 perfecta
810 3057 886 3120 sunt
906 3074 932 3120 e
965 3038 1099 3136 geminis
1131 3055 1204 3119 telis
1236 3053 1264 3139 (³

68 3163 246 3248 misertor)
278 3165 427 3228 secantur
456 3162 494 3227 cl.
524 3163 564 3226 H.
587 3162 740 3226 Bhimner
767 3163 788 3225 l.
818 3162 883 3226 c.I
912 3181 942 3245 p.
967 3168 1040 3227 148.
1085 3161 1169 3226 Nam
1199 3164 1284 3228 reete

69 3269 123 3352 hic,
143 3272 191 3336 vir
220 3271 335 3335 doctus
361 3270 379 3333 I
406 3290 435 3353 p.
461 3276 534 3347 144,
559 3279 574 3334 1
600 3270 760 3352 propriam
783 3269 927 3334 vocabuli
953 3255 1093 3364 ιἥτριαν>
1123 3267 1286 3334 notionem

68 3375 111 3440 ita
132 3378 368 3460 iuterpretatur,
391 3378 429 3440 ut
451 3376 639 3440 subteminis
663 3375 702 3439 ad
727 3377 852 3440 stamen
875 3375 989 3440 adnexi
1010 3375 1108 3440 nodos
1126 3376 1285 3457 significet

68 3482 87 3544 i.
120 3503 144 3548 e.
177 3483 326 3561 Mesobe,
339 3539 347 3551 .
360 3480 522 3564 Schla‘ape,
562 3484 617 3564 qui
654 3501 715 3564 quo
753 3483 885 3546 artiores
925 3481 1008 3546 fiunt
1049 3484 1081 3546 et
1120 3482 1287 3560 firmiores,

70 3605 102 3652 eo
133 3591 255 3654 firmius
285 3577 427 3654 efficiunt
460 3589 587 3666 textile,
618 3589 674 3653 sed
704 3607 742 3669 pa
771 3589 923 3671 primaria
952 3589 1039 3653 notio
1070 3607 1143 3653 mor
1173 3590 1287 3672 ampli·

69 3693 177 3760 icatur
206 3697 240 3760 in
275 3698 342 3762 loco
372 3697 557 3760 Theocriteo
586 3714 643 3778 per
673 3695 817 3760 additum
846 3695 927 3759 illud
955 3707 1089 3780 μακρῶν
1117 3683 1216 3778 ἕτοιμ’
1248 3693 1287 3761 ἐκ

69 3800 234 3868 κελεόντων
256 3803 310 3880 ita,
332 3804 370 3866 ut
391 3821 448 3886 per
472 3802 688 3885 synecdochen
711 3802 817 3885 ipsum
839 3802 949 3866 textile
972 3803 1076 3866 totum
1097 3801 1286 3884 intellegen-

72 3905 142 3973 dum
165 3911 215 3973 sit.

152 4016 236 4081 Huic
264 4016 423 4080 textilium
454 4015 609 4079 coloribus
643 4014 817 4096 figurisque
852 4032 916 4078 non
952 4015 1147 4079 variatarum
1178 4014 1285 4096 generi

74 4123 233 4202 apponitur
256 4122 340 4206 apud
363 4121 567 4186 Theocritum
590 4121 726 4185 alterum
749 4121 893 4184 texturae
917 4139 1025 4202 genus.
1070 4121 1171 4185 Vetat
1200 4121 1284 4186 enim

74 4239 106 4287 ea
130 4229 198 4312 ipsa
230 4229 404 4294 collationis
427 4229 509 4293 ratio
531 4227 610 4291 illud
633 4223 831 4314 πηνίζεσθαι
854 4228 901 4292 ita
923 4227 1080 4309 intellegi:
1105 4227 1165 4291 dos
1189 4225 1285 4292 Gara

1030 4334 1047 4386 2
1054 4334 1071 4370 le
