2934 4742
583 1115 651 1215 3.
691 1115 1046 1213 Analecta.

767 1322 872 1330 --——-

293 1448 319 1511 I.
355 1445 443 1526 Quae
468 1464 564 1530 supra
586 1466 616 1529 p.
641 1453 772 1511 76-78
803 1445 848 1509 de
872 1446 1162 1510 coniunctione
1190 1433 1307 1541 ‘oum‘
1334 1447 1428 1510 netto-

205 1574 279 1620 nem
296 1554 521 1636 congruentiae
536 1552 668 1618 habenti
692 1552 837 1629 disserui,
860 1570 898 1616 ea
920 1571 1007 1616 nuno
1029 1553 1076 1617 ita
1099 1554 1247 1636 supplere
1271 1552 1428 1628 constitui,

206 1664 244 1726 ut
277 1663 362 1726 loeos
399 1659 554 1742 quosdam
585 1659 706 1725 Catulli
735 1659 798 1723 huo
820 1658 1015 1741 pertinentes
1047 1658 1193 1724 afferrem
1215 1660 1358 1742 aliosque
1381 1660 1428 1723 ad-

207 1769 324 1846 derem,
347 1768 380 1831 iu
405 1766 520 1849 quibus
543 1765 622 1829 illud
649 1752 774 1862 ‘quom‘
800 1764 1017 1848 reponendum
1041 1783 1110 1830 esse
1134 1766 1305 1831 videretur.
1352 1767 1428 1830 Nam

207 1876 268 1942 atsi
301 1874 432 1939 miuime
467 1872 666 1956 superfluum
702 1874 752 1936 est
786 1872 818 1936 id
853 1871 977 1935 dioendi
1012 1891 1112 1954 genus
1143 1872 1269 1939 Catullo
1305 1875 1429 1938 solitum

207 1983 349 2048 eurotias
380 1982 535 2056 tractare,
566 1982 675 2044 tamen
707 1998 769 2061 quo
792 1979 895 2060 magis
917 1979 997 2042 mihi
1024 1979 1085 2061 ipsi
1109 1998 1146 2043 ea
1168 1981 1429 2062 pervestigatione

206 2091 275 2154 tota
298 2088 363 2152 fore
386 2087 536 2152 instituta
559 2085 710 2161 constit,
732 2085 795 2149 nisi
818 2085 878 2149 hoo
900 2085 1048 2149 universo
1071 2087 1140 2151 looo
1163 2087 1375 2168 grammatino
1390 2087 1431 2149 iu-

208 2198 315 2278 speoto
338 2195 500 2258 notionem
524 2195 557 2257 et
572 2211 667 2256 usum
684 2191 912 2256 ooniunotIonis
932 2180 1059 2286 ‘quom’
1078 2193 1240 2275 explanari
1254 2212 1320 2257 non
1336 2212 1430 2276 posse,

208 2302 241 2366 id
264 2321 300 2366 eo
323 2301 431 2366 minus
454 2319 512 2383 per
527 2300 643 2363 harum
660 2298 885 2380 quaestionum
901 2297 1157 2363 Catullianarum
1180 2300 1349 2380 angustias
1371 2300 1432 2363 fieri

208 2409 291 2473 lieet.
338 2407 433 2471 Nune
468 2405 637 2470 adnotasse
673 2405 752 2469 satis
787 2404 887 2468 habeo
917 2404 1069 2469 Riesoum
1105 2405 1145 2470 ad
1168 2424 1196 2475 o.
1218 2412 1274 2480 68,
1299 2413 1341 2471 32
1377 2407 1431 2469 nisi

212 2500 463 2612 (temporalem,
493 2517 661 2593 tamquam
692 2511 720 2574 si
749 2511 777 2575 is
807 2530 890 2575 unus
914 2514 1000 2576 esset
1024 2513 1081 2576 aut
1102 2512 1283 2595 primarius,
1311 2514 1433 2578 nullum

208 2621 360 2686 statuisse
391 2620 491 2684 alium
514 2618 665 2683 usumin
690 2617 830 2695 Catullo,
862 2619 917 2700 qui
948 2619 1077 2701 quidem
1109 2619 1236 2701 saepius
1260 2638 1362 2701 quam
1386 2621 1434 2683 alii

209 2728 418 2793 indicativum
441 2726 470 2790 ei
494 2724 706 2791 ooniuuotioni
731 2724 911 2790 adiunxisse
935 2725 1059 2790 dieitur.

298 2835 358 2900 Est
386 2834 484 2916 igitur
513 2832 599 2896 notio
629 2850 727 2914 quam
751 2832 885 2897 dioimus
909 2832 1001 2909 haee,
1025 2832 1117 2896 utin
1142 2833 1301 2897 enuntiati
1327 2854 1434 2900 seeun-
1460 2921 1461 2924 Ἴ

210 2942 290 3008 darii
318 2942 440 3006 aotioue
471 2941 572 3004 altera
603 2939 696 3016 aetio,
720 2957 800 3021 quae
829 2939 877 3002 illi
900 2938 1094 3020 adiungitur,
1118 2941 1151 3004 et
1173 2942 1317 3023 tempore
1344 2945 1376 3005 et
1405 2960 1432 3004 re

211 3050 373 3114 oonsistat.
426 3046 505 3112 Inde
534 3046 643 3129 opinor
673 3047 922 3125 consentaneum
952 3044 1018 3110 fere
1055 3048 1105 3110 est
1134 3065 1207 3112 oum
1237 3047 1306 3112 eius
1340 3067 1432 3114 nexus

209 3158 325 3219 natura
348 3155 381 3218 in
404 3154 454 3218 his
471 3153 595 3218 duobus
620 3152 795 3217 enuntiatis
819 3154 888 3216 tam
910 3153 1089 3217 necessario
1113 3153 1230 3218 iuuetis
1253 3156 1344 3219 verbi
1360 3159 1434 3220 tom·

210 3279 287 3345 pora
318 3262 374 3324 aut
404 3259 516 3324 eadem
548 3278 615 3324 esse
649 3261 707 3323 aut
736 3259 776 3323 ad
806 3258 890 3323 idem
914 3259 1047 3324 aottonIs
1071 3260 1212 3343 spatium
1235 3262 1434 3344 pertinentia.

210 3366 389 3431 Prudenter
415 3365 544 3446 quidem
568 3367 596 3429 is
612 3384 690 3430 usus
715 3366 841 3429 omniuo
857 3365 966 3447 fugere
989 3385 1053 3430 non
1076 3367 1188 3449 potuit,
1212 3368 1267 3432 sod
1292 3387 1358 3450 quo
1373 3371 1434 3433 loeo

211 3492 249 3538 ea
278 3475 459 3555 temporum
489 3472 666 3552 aequalitas
696 3471 843 3536 habenda
871 3472 928 3549 sit,
964 3475 1075 3536 utrum
1104 3473 1150 3537 rei
1181 3474 1355 3540 aooidentis
1390 3475 1434 3539 rel

211 3579 361 3644 fortuitae
390 3579 457 3643 loeo
486 3595 527 3641 an
549 3578 763 3654 necessariae,
794 3578 826 3642 id
849 3579 951 3643 multo
982 3579 1110 3661 gravius
1134 3582 1184 3644 est
1207 3580 1247 3644 ad
1270 3581 1341 3644 eius
1366 3600 1433 3645 oon-

211 3686 380 3751 iunetionis
416 3683 569 3767 originem
610 3686 642 3748 ot
679 3685 909 3768 proprietatem
943 3704 1015 3750 vere
1055 3686 1307 3768 eognoseeudam
1344 3705 1434 3769 quam

212 3793 248 3856 u.
270 3789 459 3869 Hoffmann,
488 3809 584 3873 quem
611 3810 668 3874 pro
700 3792 831 3874 reliquis
862 3792 1007 3856 omnibus
1031 3793 1175 3869 nomino,
1204 3794 1354 3876 opinatus
1383 3797 1434 3858 est.

213 3898 433 3964 Ooueotuntur
455 3898 554 3982 igitur
577 3898 659 3962 inter
683 3916 716 3962 se
740 3901 917 3982 tempora
940 3900 1175 3981 praesentia
1198 3902 1235 3964 ut
1257 3900 1291 3964 in
1307 3921 1333 3966 o.
1351 3899 1436 3964 LXII

215 4013 256 4070 14
281 4005 318 4070 of.
342 4025 370 4088 p.
396 4011 535 4082 23-25‚
558 4003 699 4068 LXVIII
723 4013 752 4070 8.
777 4012 816 4070 32
842 4004 880 4070 of.
903 4025 932 4088 p.
958 4013 1030 4072 106.
1056 4014 1129 4083 110,
1151 4006 1287 4071 LXXVI
1313 4016 1350 4072 2:

392 4109 497 4192 Siqua
519 4110 701 4176 recordanti
724 4110 887 4192 benefacta
904 4112 1023 4192 priora
1045 4111 1191 4194 ootuptas

436 4216 498 4280 Est
520 4216 651 4294 tomtae',
674 4236 746 4279 eum
768 4235 800 4280 se
822 4218 936 4298 ooye'tat
959 4237 1024 4282 esse
1046 4219 1146 4299 pium,
