2928 4724
596 183 756 274 ge*

51 365 119 430 Sed
144 366 294 431 hahitare
317 367 361 432 ibi
383 367 416 430 iu
441 367 522 432 Oeta
544 369 707 453 Hesperus
739 374 771 434 et
800 372 885 436 llous
913 393 1027 457 nempe
1058 378 1128 440 tum
1160 377 1291 442 demum

52 472 281 550 credebantur,
305 492 378 537 oum
401 475 496 556 vulgo
520 477 683 557 cognitum
708 479 794 542 esset
815 478 902 543 idem
926 499 995 544 esse
1020 483 1118 547 sidus.

146 686 248 751 Porro
272 686 404 750 obstulit
425 689 514 765 illud,
539 689 623 770 quod
638 690 871 773 interpretatur
885 692 1050 758 Baehrens
1065 714 1123 777 per
1141 683 1290 791 crapuit,

53 793 145 856 nullo
171 794 266 858 modo
290 795 419 876 rapinae
444 795 578 859 alieuius
601 814 723 859 morem
745 797 779 860 in
799 798 919 879 nuptiis
935 799 1087 864 Romanis
1112 802 1290 882 antiquitus

54 901 220 964 usitatum
258 901 434 982 signifioare
472 904 594 985 potest,
633 903 717 984 quod
755 902 920 968 Baehrens
958 907 1150 987 persuadere
1190 909 1286 991 eupit.

55 1007 141 1070 Nam
166 1008 295 1070 nullum
328 1009 395 1072 eius
425 1009 523 1072 moris
552 1009 724 1090 vestigium
752 1009 785 1071 in
815 1011 1018 1092 responsione
1048 1013 1201 1077 iuvenum
1231 1015 1292 1080 im-

54 1132 208 1195 pressum
232 1117 292 1192 est,
316 1115 400 1195 quod
422 1115 545 1179 faotum
568 1118 669 1192 osset,
693 1116 721 1179 si
750 1117 815 1179 tale
848 1117 969 1198 ahquid
999 1136 1019 1181 a
1048 1121 1163 1201 puellis
1193 1121 1292 1201 signi·

53 1221 191 1284 fioatum
215 1220 338 1286 fuisset.

149 1327 215 1392 Sed
238 1329 272 1392 in
294 1347 388 1392 versu
410 1335 450 1393 32
476 1328 569 1392 leetio
592 1328 625 1390 iu
649 1328 795 1392 omnibus
819 1329 1008 1394 editionibus
1025 1335 1153 1414 reoepta
1169 1351 1289 1412 aequo-

53 1433 99 1496 les
136 1437 227 1499 stare
261 1454 325 1499 non
364 1436 486 1516 potest,
518 1434 556 1498 de
593 1453 657 1516 qua
694 1436 829 1500 leotione
864 1437 942 1500 item
973 1437 1170 1502 Pleitnerum
1204 1440 1224 1504 l.
1264 1459 1290 1504 e.

54 1562 83 1623 p.
124 1550 168 1608 68
204 1541 367 1606 dubitasse
406 1542 544 1623 eognovi.
605 1541 667 1606 Sed
703 1543 919 1607 eonieoturam
962 1544 1030 1608 eius
1072 1545 1183 1610 afferre
1225 1566 1290 1612 non

54 1649 185 1712 attinet.

145 1759 195 1819 Ao
218 1755 358 1837 primum
381 1755 510 1836 quidem
533 1774 589 1837 per
613 1774 722 1819 omnes
746 1755 805 1819 has
830 1756 977 1838 strophas
1009 1760 1042 1821 et
1071 1758 1287 1841 antistrophas

53 1863 173 1942 quibus
198 1863 378 1945 puellarum
402 1864 435 1926 et
463 1863 615 1926 iuvenum
639 1881 751 1944 greges
781 1863 866 1926 inter
897 1881 930 1926 se
962 1863 1123 1944 utrimque
1154 1867 1289 1943 uertant,

54 1988 218 2051 nusquam
241 1970 316 2032 talis
341 1969 488 2033 allocutio
512 1969 644 2033 alterius
668 1969 772 2032 utrius
797 1969 883 2033 ohori
907 1970 947 2033 ad
971 1972 1073 2034 totam
1104 1989 1196 2034 suam
1219 1975 1289 2036 tur-

55 2076 130 2140 bam
154 2077 243 2140 faeta
266 2078 372 2140 exstat
395 2077 584 2157 omninoque
608 2076 669 2140 heo
692 2076 762 2158 ipse
778 2076 816 2139 de
834 2094 931 2140 eausa
953 2077 1005 2140 hio
1024 2076 1109 2141 faeta
1133 2097 1201 2142 esse
1225 2097 1289 2143 non

54 2186 171 2264 potest.
218 2183 310 2247 Idem
334 2183 560 2247 animadvertit
582 2183 723 2247 Pleitner
746 2183 765 2246 l.
790 2203 825 2259 o.‚
849 2183 939 2247 ouius
970 2184 1066 2248 verba
1095 2203 1210 2266 parum
1241 2186 1288 2250 di·

55 2289 162 2354 luoida
189 2291 270 2354 haee
300 2293 394 2354 sunt:
431 2287 494 2352 olle
530 2288 599 2352 ἄνοι’
628 2287 889 2368 Stropbeopoore
921 2289 971 2352 als
1001 2289 1054 2352 ein
1087 2309 1287 2356 zusammen-

55 2395 218 2478 qebo'ro'pes
251 2395 377 2482 Gonees
411 2394 652 2459 ammsoheidea
681 2395 750 2458 sloh
781 2395 837 2460 der
868 2394 1082 2477 Dorstellonp
1110 2396 1207 2474 noch,
1238 2398 1287 2463 be·

56 2503 188 2568 sooders
211 2503 249 2566 o'n
272 2503 331 2566 den
354 2502 617 2583 Aafaoqsoersen
639 2501 751 2582 sebert
771 2521 832 2565 oon
856 2501 917 2565 den
939 2502 1072 2584 dbrtpen
1095 2502 1194 2566 idaea
1216 2523 1288 2568 eor-

56 2609 277 2691 ouspehendea
298 2609 368 2673 aad
388 2608 637 2702 ooebfohreadea
668 2607 827 2687 Strophai
849 2657 856 2671 .
881 2657 888 2672 .
913 2657 920 2671 .
945 2609 1002 2672 der
1030 2610 1101 2673 eine
1128 2610 1289 2676 erbalteae

58 2716 280 2798 Ausonpsoers
303 2717 363 2798 [=
386 2737 413 2782 v.
438 2718 496 2798 32]
526 2716 646 2780 stilumt
674 2715 712 2783 in
742 2715 952 2780 sonderbarer
980 2714 1086 2781 Weise
1108 2716 1165 2780 der
1187 2716 1288 2782 Form

56 2823 138 2886 norb
160 2823 222 2886 mit
242 2844 270 2886 e.
293 2826 333 2885 11
356 2823 487 2888 liberato
510 2823 610 2888 duret
639 2824 710 2887 seio
740 2820 898 2902 aequales.
930 2859 972 2868 —-
1003 2822 1088 2901 Quid
1121 2843 1195 2905 ergo
1226 2825 1288 2888 sibi

59 2931 126 2994 rult
148 2931 312 2996 voeativus
337 2929 486 3011 aequales
508 2931 568 2994 hoo
590 2931 682 2994 loeo?

144 3037 278 3102 Aoeedit
307 3037 394 3100 ahud
425 3037 585 3118 quiddam.
630 3036 671 3100 In
699 3037 801 3118 primo
833 3037 865 3098 et
892 3035 925 3098 in
955 3035 1051 3099 tertio
1082 3037 1307 3118 stropharum·

59 3145 125 3222 pari
149 3145 218 3208 eius
243 3145 420 3209 sententiae
446 3145 612 3226 expositio,
638 3161 719 3224 quae
749 3161 806 3225 per
836 3143 1012 3206 contrarias
1041 3143 1223 3224 puellarum
1254 3147 1287 3208 et

60 3247 209 3314 iuvenum
240 3252 434 3315 certantium
463 3252 644 3315 voluntates
679 3251 713 3313 in
743 3251 884 3314 diversas
918 3249 956 3312 fit
990 3252 1099 3332 partes
1136 3252 1169 3313 et
1205 3269 1286 3331 quae

60 3359 184 3421 oonstat
206 3359 239 3420 in
263 3358 393 3422 erimine
418 3359 524 3438 aliquo
555 3357 754 3440 proferendo,
786 3357 871 3438 quod
902 3356 941 3420 ab
972 3357 1073 3420 altera
1101 3361 1192 3438 parte
1224 3358 1288 3422 ele-

61 3467 167 3541 vatur,
197 3483 322 3546 semper
357 3465 509 3547 temporis
546 3465 597 3529 vel
624 3483 732 3528 rerum
764 3465 869 3527 oertas
901 3462 1057 3544 quasdam
1088 3463 1286 3528 eondieiones

61 3570 124 3636 eius
150 3573 336 3648 sententiae,
361 3591 442 3652 quae
466 3571 625 3654 profertur
649 3572 688 3635 ab
713 3571 814 3634 altera
837 3572 911 3633 utra
934 3571 1041 3652 parte,
1064 3570 1161 3633 habet
1189 3569 1287 3633 simul

62 3695 231 3760 expressas,
246 3679 383 3742 manime
403 3697 460 3762 per
476 3678 710 3742 eoniunotioues
728 3678 874 3753 adnexas,
891 3695 972 3758 quae
987 3677 1022 3740 in
1037 3676 1114 3740 loeis
1131 3675 1285 3757 ouiusque

61 3786 205 3868 strophae
232 3786 316 3849 inter
347 3805 380 3849 se
412 3788 560 3850 aoourate
588 3784 853 3867 respondentibus
885 3802 923 3846 ex
952 3783 1084 3850 adverso
1114 3785 1286 3864 ponuntur.

62 3888 156 3958 Velut
178 3894 211 3957 in
235 3893 349 3956 tertiae
374 3892 522 3975 strophae
546 3911 642 3956 versu
665 3893 753 3955 sexto
777 3893 834 3975 (π.-
858 3890 914 3973 43)
944 3925 987 3934 ——
1016 3907 1092 3952 nam
1123 3891 1286 3970 quartum,

62 4015 119 4064 non
142 4001 252 4077 alium,
274 4000 473 4064 interoidisse
498 4002 623 4063 oonstat
646 4035 688 4045 —
713 4001 746 4062 et
768 4017 850 4062 nono
881 3999 938 4080 (z
965 3996 1022 4078 46)
1052 4014 1108 4078 per
1137 4013 1220 4072 oum,
1251 3996 1286 4059 in

64 4107 274 4190 antistrophae
298 4107 442 4172 versibus
473 4106 609 4170 eundem
639 4107 757 4170 ordinis
787 4107 893 4170 looum
923 4103 1116 4168 habentibus
1145 4102 1165 4165 i.
1195 4120 1220 4166 e.
1251 4103 1286 4166 in

66 4229 149 4279 versu
173 4222 216 4280 54
240 4233 295 4296 per
326 4213 355 4276 si
384 4216 417 4277 et
445 4214 480 4277 in
509 4232 604 4277 versu
636 4221 676 4277 57
707 4232 764 4295 per
793 4231 864 4276 eum
894 4210 1056 4274 adduntur
1085 4207 1285 4273 eondioiones
