2934 4742
762 193 822 248 126

715 275 873 282 ———-

183 382 265 446 viter
287 379 446 446 laboranti
468 380 612 462 praebito
635 399 691 462 per
713 381 816 463 ipsam
839 381 923 443 hono
945 380 1119 461 imaginem
1135 382 1274 462 cogitare
1297 383 1407 466 eoepit,

182 490 295 570 aptum
319 485 411 551 affert
434 486 620 552 subsidium.

273 592 336 657 Sed
359 593 556 658 redeundum
580 597 630 657 est
661 593 701 656 ad
731 611 840 658 vooem
868 591 1022 671 medium,
1058 612 1157 674 qnam
1186 613 1224 658 ex
1253 596 1298 659 eis
1328 615 1407 678 quae

183 718 280 784 supra
303 697 536 782 disputavimus
560 699 652 765 faoile
676 719 749 764 oum
772 698 966 763 Baehrensio
990 702 1139 782 suspecta
1167 699 1229 764 fide
1261 721 1330 766 esse
1361 721 1408 764 ar-

182 807 349 871 bitramur.
407 806 500 871 Certe
541 808 629 870 nullo
667 807 760 871 modo
797 806 901 870 verbis
934 805 996 868 iter
1029 805 1143 886 popula·
1179 808 1407 872 aeoommodari

183 915 300 998 potest.
352 913 468 994 Itaque
492 915 645 979 vocabulo
679 899 850 1007 ‘medinm'
886 911 1066 977 addendum
1097 916 1146 978 est
1173 915 1408 980 substantivum

183 1020 320 1102 aliquod,
345 1038 407 1102 quo
430 1020 596 1098 referatur,
621 1024 678 1086 aut
700 1021 806 1103 ipsum
830 1022 879 1084 est
902 1021 1097 1103 corruptum.

272 1127 373 1190 Rivus
395 1127 503 1208 igitur,
526 1129 581 1208 qui
604 1128 637 1191 in
661 1127 809 1192 altissimi
824 1126 941 1192 vertioe
957 1127 1074 1190 montis
1091 1127 1248 1209 prosiluit,
1271 1129 1407 1210 primum

183 1233 221 1298 de
245 1253 353 1314 prona
377 1253 534 1316 praeceps
571 1239 616 1298 est
651 1233 734 1298 ealle
761 1233 887 1297 uolatus
917 1234 935 1296 i.
965 1252 990 1296 e.
1020 1233 1061 1298 ad
1090 1234 1183 1298 vallis
1213 1254 1351 1316 pronum
1379 1237 1409 1298 et

181 1342 391 1425 praeruptum
414 1341 500 1404 latus
529 1342 663 1419 devenit,
687 1341 741 1405 nbi
763 1360 820 1423 per
842 1358 958 1423 pronas
981 1338 1089 1404 fauces
1106 1341 1299 1404 convallium
1321 1361 1408 1424 prae-

184 1447 273 1530 oipiti
304 1466 400 1511 eursu
431 1447 472 1511 ad
505 1447 654 1512 inferiora
687 1448 757 1512 loca
791 1446 894 1511 fertur
927 1465 986 1510 neo
1020 1449 1128 1510 tamen
1163 1446 1211 1510 ita
1245 1449 1408 1530 planitiem

184 1553 296 1618 statim
320 1553 484 1635 eontingit,
510 1553 564 1617 sed
587 1572 644 1636 per
668 1553 786 1618 declive
810 1553 939 1617 demum
963 1552 1065 1616 fluens
1090 1553 1129 1616 ad
1153 1552 1276 1618 radioes
1294 1555 1407 1618 montis

183 1662 336 1744 pervenit.
383 1659 466 1724 Nam
489 1660 556 1743 ipse
580 1660 733 1726 deeursns
763 1660 922 1725 notandus
954 1663 1037 1736 erat,
1067 1661 1151 1724 sieut
1176 1661 1291 1726 iisdem
1322 1680 1408 1726 voea-

184 1767 269 1833 bulis
293 1767 443 1832 adhibitis
467 1766 614 1832 Catullus
637 1769 670 1831 in
693 1768 780 1832 LXV
806 1775 847 1833 23
872 1767 966 1831 dioit:
984 1785 1089 1846 prono
1117 1787 1273 1849 praeceps
1302 1769 1407 1850 opiter

185 1873 328 1938 decursu.
375 1875 448 1938 Tria
471 1875 569 1955 igitur
593 1894 706 1939 oureus
729 1877 892 1940 momenta
914 1877 1068 1939 notantur
1090 1875 1123 1938 in
1147 1875 1232 1939 rivo:
1262 1877 1407 1958 primum,

186 1980 264 2044 dum
288 1980 430 2063 prosilit;
455 1982 592 2045 alterum
616 1981 693 2046 dum
709 1982 747 2046 de
763 2000 862 2064 prona
878 1981 959 2045 valle
976 1981 1203 2064 praeeipitatus
1219 2001 1277 2065 per
1293 1982 1407 2047 deelive

185 2088 339 2162 volvitur;
364 2088 511 2165 tertium,
536 2087 613 2150 dum
635 2106 692 2170 per
715 2107 864 2171 eampum
886 2087 1022 2170 perfluit.
1065 2091 1112 2152 Ae
1136 2091 1301 2153 tentamen
1324 2088 1406 2164 illud,

185 2213 248 2276 quo
272 2213 328 2276 per
344 2194 485 2258 medium
501 2194 591 2258 densi
616 2183 765 2291 ‘scopuli'
790 2196 855 2258 rivo
872 2196 923 2258 via
939 2194 1162 2258 destinabatur
1178 2195 1217 2258 ab
1232 2195 1407 2270 Hnsohkeo,

186 2300 246 2364 etsi
269 2318 326 2382 per
349 2301 503 2364 sermonis
527 2320 623 2365 usum
647 2301 721 2366 ferri
744 2321 807 2366 non
830 2304 969 2384 poterat,
993 2303 1101 2365 tamen
1131 2305 1218 2366 reoto
1248 2302 1407 2367 nitebatur

187 2425 292 2471 sensu.

273 2513 345 2576 lam
363 2517 400 2577 ut
413 2513 601 2578 emendandi
620 2517 797 2598 perieulum
810 2514 935 2592 faoiam,
956 2514 1157 2578 scribendum
1176 2515 1256 2579 mihi
1268 2516 1406 2580 videtur:

366 2619 431 2684 Per
454 2620 593 2684 medium
616 2620 754 2687 clivom
776 2621 897 2685 transit
919 2622 980 2684 e'tee·
995 2619 1122 2701 populi.

184 2727 338 2793 Perfacile
366 2715 477 2824 ‘oliuo'
505 2728 570 2792 sive
598 2718 711 2824 toliuv‘r'
737 2730 770 2792 in
796 2719 915 2826 tdensi'
949 2728 1034 2792 abire
1062 2728 1174 2810 potuit.
1220 2729 1353 2794 Aeoedit
1374 2729 1406 2791 ut

185 2835 287 2900 viator
312 2854 327 2899 e
349 2834 444 2915 praui
472 2839 563 2900 aesta
587 2835 700 2900 sudore
731 2835 889 2912 defessae,
925 2836 952 2898 si
985 2836 1095 2917 prooul
1125 2834 1265 2899 luoidam
1296 2854 1406 2918 aquam

184 2960 240 3024 per
264 2943 383 3006 olivum
406 2941 599 3006 defluentem
624 2943 828 3024 conspexerit,
853 2961 950 3024 quam
973 2960 1029 3023 per
1053 2942 1212 3006 eonvalles
1243 2942 1404 3007 cadentem

186 3049 364 3130 eonspioere
387 3049 514 3130 nequit,
537 3048 695 3112 laetitiam
719 3048 872 3131 suscipiat
895 3049 969 3112 talis
1015 3047 1181 3112 levaminis
1206 3066 1270 3129 spe.
1319 3048 1405 3113 Simi-

185 3155 258 3218 liter
281 3155 384 3218 Allius
409 3155 534 3220 Catullo
559 3154 756 3235 aegritudine
781 3155 922 3220 eonfeoto
945 3155 977 3218 id
1003 3141 1177 3248 ‘levamen'
1203 3156 1347 3237 paravit,
1373 3155 1405 3216 ut

185 3261 273 3324 rivus
296 3261 350 3325 ille
375 3265 425 3326 est

365 3367 468 3434 Dulce
491 3367 611 3432 uiatori
636 3367 718 3431 lasso
741 3367 778 3430 in
800 3367 914 3430 sudore
936 3367 1087 3444 leuamen,

187 3474 271 3557 qnod
295 3475 448 3538 auxilium
470 3475 524 3539 ille
548 3474 625 3538 tulit
648 3476 736 3539 velut
758 3476 876 3538 nautae
900 3476 1017 3538 iactato
1041 3493 1120 3538 aura
1150 3475 1290 3538 secunda
1320 3493 1403 3556 exop-

187 3582 256 3645 tata
279 3581 366 3645 venit
388 3581 429 3664 (v.
454 3581 607 3664 63-66).
656 3580 892 3664 Comparationi
916 3581 1014 3662 igitur
1038 3600 1056 3644 a
1079 3582 1174 3663 poeta
1198 3580 1305 3645 studio
1336 3598 1405 3663 quo

187 3688 261 3753 dam
296 3688 410 3751 talium
445 3690 704 3752 ornamentorum
745 3705 827 3751 nova
870 3686 998 3750 additur
1033 3686 1226 3763 similitudo,
1262 3687 1346 3752 siout
1375 3686 1402 3746 in

187 3814 212 3859 o.
241 3793 315 3858 LXI
347 3801 474 3860 16--25
506 3795 591 3876 prior
626 3795 666 3857 ad
700 3793 785 3876 paris
820 3793 907 3858 illius
942 3792 1213 3876 pulchritudinem
1249 3793 1402 3876 pertinens

186 3902 380 3984 comparatio
415 3903 518 3966 altera
560 3900 668 3964 addita
710 3901 854 3983 expletur
896 3900 1085 3984 praesertim
1119 3900 1266 3982 virginali
1301 3899 1403 3964 deeora

187 4006 352 4090 descripto.
398 4007 482 4073 Nam
504 4007 663 4072 Manlium
687 4027 812 4090 quoque
835 4008 939 4091 priore
963 4007 1198 4089 comparatione
1222 4007 1326 4090 tangi,
1355 4022 1401 4069 no·

186 4113 274 4177 mina
296 4113 393 4178 Vinia
416 4118 448 4180 et
462 4114 603 4180 Mandas
627 4114 715 4178 iuxta
737 4115 849 4198 posite,
873 4115 956 4179 sieut
971 4112 1130 4196 Phrygius
1145 4113 1240 4179 iudex
1255 4114 1288 4177 et
1300 4112 1402 4178 Venus

188 4219 266 4283 satis
290 4219 460 4284 declarant.
505 4220 674 4286 Dubitavit
696 4221 859 4286 Baehrens
882 4239 912 4302 p.
936 4227 999 4286 296
1025 4219 1092 4284 sine
1115 4219 1202 4283 iusta
1224 4237 1332 4284 eausa.
