2928 4724
566 216 723 305 AL-

41 404 120 487 apud
145 403 293 468 Ovidium
322 403 355 465 in
383 403 460 465 mat.
484 401 530 464 VI
561 410 622 467 237
659 401 729 479 ille,
759 406 796 464 ut
825 406 894 465 erut
917 421 1057 482 prorsas,
1087 420 1146 480 per
1177 395 1261 464 eollo

42 510 179 573 oderim
213 508 367 588 iubasque
400 506 538 571 subdor
573 527 615 572 so.
650 510 732 590 equi.
786 509 871 572 Nam
906 527 999 572 oasus
1034 508 1087 573 ille
1123 527 1142 572 a
1174 509 1261 590 prin-

42 618 115 699 oipio
146 635 209 680 non
237 617 306 678 tam
335 614 375 678 ad
402 615 655 680 instrumentum
684 616 824 698 pertinet
854 634 916 696 qno
941 613 1260 700 quidpsgiturpsssed

40 724 140 805 potius
170 723 210 786 ad
240 741 291 786 res
319 723 371 785 vel
400 739 567 804 personae,
599 739 681 803 quae
704 723 885 786 necessaria
909 722 1017 802 aliqua
1041 722 1260 786 communione

40 833 178 905 naturae,
199 829 306 904 moris,
322 828 560 892 consuetudinis
576 847 650 892 oum
665 829 798 906 actione,
814 846 896 909 quae
913 827 1050 905 additur,
1074 829 1259 892 ooniunotae

42 938 224 1010 comuntur,
254 953 351 1016 quam
384 934 512 1015 quidem
544 934 778 1000 distinctionem
802 935 904 1010 soioli,
934 935 1012 998 dum
1038 921 1256 1032 ‹sotiatirum'

42 1062 145 1106 oasum
169 1042 345 1125 appellant,
374 1059 467 1124 saepe
493 1041 621 1122 quidem
643 1042 765 1106 iactant
786 1041 924 1105 maxime
947 1041 980 1104 in
1003 1042 1113 1122 lingua
1137 1059 1259 1122 grauna,

41 1151 229 1213 nontamen
259 1148 293 1211 in
316 1147 418 1211 latina
442 1148 627 1230 explicanda
651 1148 833 1212 ullomodo
856 1151 1089 1231 preposuerunt
1113 1149 1178 1212 sive
1203 1147 1258 1212 ad-

40 1256 222 1331 hibuerunt,
247 1255 321 1335 quia
344 1255 483 1318 rationes
508 1256 578 1319 eius
600 1273 693 1320 oasus
717 1257 801 1320 male
826 1256 968 1337 adgnitus
993 1255 1076 1338 apud
1100 1255 1258 1318 Romanos

40 1363 171 1445 reperire
194 1379 355 1442 nusquam
377 1363 561 1444 potuerunt.

120 1468 171 1532 Ab
195 1486 233 1531 ea
255 1467 350 1530 huius
374 1486 466 1532 oasns
489 1469 617 1533 notione
640 1488 742 1532 unum
764 1468 944 1552 profeotum
967 1471 1018 1533 est
1046 1487 1124 1533 usus
1148 1487 1257 1550 genus,

40 1592 185 1656 persaepe
208 1593 272 1638 nen
294 1575 495 1639 intelleotum
518 1578 652 1639 autnon
669 1576 824 1658 agnitum,
848 1576 931 1656 qued
954 1577 1077 1659 primus
1100 1577 1258 1656 quantum

41 1681 97 1744 saio
119 1682 169 1744 vir
191 1700 336 1744 summus
352 1681 490 1763 Madvig,
513 1681 568 1746 sed
583 1683 679 1746 nimis
704 1684 840 1763 anguste
856 1681 998 1746 definivit
1019 1680 1093 1745 Lot.
1118 1679 1258 1760 Sproob-

42 1785 141 1851 bbre³
160 1789 177 1868 ξ
196 1795 280 1852 273⁶
300 1789 363 1869 et§
380 1796 452 1853 274.
485 1788 523 1852 Id
544 1791 628 1852 enim
652 1775 814 1884 ‘ablativi’
838 1807 938 1870 genus
956 1789 1096 1871 pertinet
1120 1789 1159 1852 ad
1184 1807 1257 1852 eum

40 1893 138 1958 boum
155 1895 220 1958 sire
243 1894 275 1957 id
291 1895 439 1977 spatium,
462 1913 519 1978 per
535 1895 618 1976 quod
642 1894 756 1959 diffusa
780 1895 844 1959 sive
862 1896 1070 1976 aequabiliter
1088 1913 1256 1978 permeans

42 2001 115 2064 aetio
145 2001 253 2082 aliqua
286 2001 332 2064 fit.
388 2001 467 2066 Inda
503 2003 542 2066 ab
578 2003 638 2066 boo
675 2002 741 2066 viro
773 2003 940 2084 exceptum
975 2003 1258 2084 comprobaverunt

40 2106 101 2183 alii,
132 2107 188 2171 sed
217 2109 367 2190 perpauoi
398 2111 604 2191 praeseptum
634 2109 715 2172 illud
739 2109 985 2190 grammaticum
1008 2109 1041 2170 in
1065 2109 1256 2190 seriptorum
1347 2183 1349 2187 y

40 2215 174 2278 oratione
204 2215 444 2296 interpretanda
467 2216 656 2293 tenuerunt,
688 2217 739 2280 eni
763 2215 841 2278 adeo
865 2233 929 2278 non
951 2214 1091 2278 fidebant
1113 2215 1256 2278 homines

39 2321 127 2384 multi
151 2325 184 2385 et
206 2322 375 2400 inereduli,
406 2324 460 2404 qui
483 2323 516 2386 in
540 2324 635 2387 rebus
659 2323 879 2404 grammatiois
904 2341 997 2405 saepe
1020 2321 1255 2386 incredibilibus

40 2431 68 2490 et
99 2428 219 2492 insanis
254 2429 373 2510 regulis
404 2428 499 2492 fidem
529 2429 704 2506 habebant,
740 2433 777 2493 ut
810 2430 998 2512 plerumque
1026 2429 1256 2510 neglegeretur.

41 2531 124 2611 Quod
148 2535 304 2617 quomodo
328 2554 403 2598 oum
425 2535 557 2616 reliquis
588 2523 746 2632 ‘ablativi'
771 2536 952 2620 notionibus
977 2535 1180 2600 coniunctum
1205 2534 1256 2612 sit,

41 2643 159 2705 omnino
182 2645 220 2704 ιιι
242 2641 326 2724 apud
349 2642 392 2706 M.
417 2640 563 2724 Seyfferti
595 2643 732 2707 asseclas
755 2643 815 2708 riri
837 2642 1052 2706 honestissimi
1076 2642 1256 2724 optimeque

41 2745 73 2810 de
93 2748 294 2812 institutione
318 2749 432 2830 puerili
456 2750 563 2813 meriti
587 2751 644 2812 aut
673 2750 707 2812 in
731 2750 864 2813 obseura
887 2749 1079 2830 relinquitur
1103 2751 1161 2812 aut
1183 2765 1254 2830 per-

41 2871 121 2918 verse
146 2855 332 2937 explieatur.
378 2853 463 2934 Quid
495 2856 578 2936 quod
609 2857 813 2938 subiungitur
843 2874 880 2920 ea
909 2857 1036 2936 linguae
1060 2853 1255 2918 eonsuetudo

41 2962 128 3042 oapiti
157 2961 252 3039 miro,
288 2961 371 3043 quod
402 2962 544 3043 Draeger
573 2963 594 3025 l.
622 2981 646 3026 e.
673 2962 715 3025 Ι2
743 2983 772 3044 p.
797 2970 859 3027 519
884 2959 1056 3025 Ablotlaos
1084 2961 1139 3024 dor
1166 2958 1254 3024 Orta-

40 3065 111 3129 robe
133 3067 310 3150 inseripsit,
338 3069 372 3131 in
402 3087 464 3149 quo
495 3069 617 3132 semina
645 3087 723 3132 non·
739 3070 817 3133 bene
840 3069 1022 3132 iunctarum
1053 3086 1160 3131 rerum
1184 3085 1256 3130 eon·

42 3177 124 3251 gesta
146 3175 266 3252 iacent,
300 3194 360 3239 neo
382 3175 500 3240 reotius
524 3175 677 3239 Kuebner
705 3176 875 3240 laudabilis
908 3175 1026 3256 alioqui
1049 3175 1126 3238 artis
1151 3193 1256 3256 gram·

41 3281 167 3346 matioae
199 3283 310 3346 auotor
333 3301 404 3346 eam
427 3283 578 3347 tractavit
600 3284 621 3345 l.
645 3302 670 3346 o.
694 3303 723 3366 p.
747 3290 827 3360 259,
858 3282 1008 3364 quoniam
1031 3283 1133 3346 multo
1156 3282 1254 3345 latius

43 3403 131 3464 qnam
159 3389 211 3452 hio
241 3389 442 3471 opinaturis
472 3389 560 3454 loeus
591 3391 682 3472 patet
712 3392 746 3453 et
773 3409 810 3454 ex
842 3390 912 3454 aliis
942 3389 1103 3472 principiis
1127 3389 1255 3480 initium

41 3490 131 3558 babet
164 3498 260 3576 atque
294 3497 408 3577 quibus
443 3497 510 3579 ipse
545 3496 656 3560 utitur.
704 3495 902 3579 Omninoque
930 3497 964 3560 in
998 3514 1124 3560 summa
1157 3495 1254 3559 huius

43 3600 132 3665 totius
155 3603 215 3666 looi
238 3604 446 3684 grammatioi,
471 3605 526 3685 qui
551 3591 739 3700 ‘ablativus‘
767 3607 912 3681 voratur,
947 3623 1003 3687 per
1027 3604 1094 3668 eius
1118 3602 1253 3684 origines

43 3704 87 3784 lit,
114 3713 151 3772 ιιι
179 3728 242 3774 non
272 3711 375 3774 solum
399 3710 633 3774 diversissimae
664 3711 809 3775 notiones
838 3710 951 3775 iisdem
981 3710 1090 3775 formis
1114 3727 1255 3791 eompre-

43 3811 222 3893 hendantur,
246 3815 300 3880 sed
324 3817 421 3880 etiarn
444 3817 477 3880 in
501 3819 592 3880 tanta
609 3817 809 3898 quarundam
831 3816 996 3881 notionum
1019 3815 1174 3881 affinitate
1190 3833 1254 3879 non

45 3922 126 3986 nodo
158 3941 250 4006 saepe
280 3923 436 3987 dubitatio
466 3925 647 4000 moveatur,
683 3941 764 4004 quae
794 3925 906 4005 auique
935 3925 1002 3987 looo
1034 3926 1109 4006 apta
1145 3924 1186 3986 sit
1216 3941 1254 3986 ex

45 4024 128 4093 buius
162 4049 255 4094 oasus
290 4031 587 4113 significationibus
623 4028 678 4095 sed
710 4032 737 4094 si
767 4033 881 4096 aeriter
914 4049 981 4094 rem
1011 4033 1172 4094 intuemur
1194 4027 1253 4094 'vel

46 4137 229 4212 paucissimis
253 4139 380 4202 tantum
403 4139 479 4203 loois
503 4157 601 4202 unam
625 4139 765 4219 aliquam
789 4140 823 4202 et
846 4139 1040 4220 singularem
1063 4137 1161 4200 totius
1185 4137 1252 4200 eiua

47 4258 113 4308 usus
135 4246 269 4328 speeiem
293 4246 332 4309 ab
356 4247 426 4310 aliis
449 4244 620 4309 manifesto
644 4245 821 4311 seiunctam
845 4246 986 4310 stabilire
1009 4245 1112 4308 liceat.
1157 4243 1253 4308 Prae·
