<?xml version="1.0" encoding="UTF-8"?>
<!DOCTYPE html PUBLIC "-//W3C//DTD XHTML 1.0 Transitional//EN"
    "http://www.w3.org/TR/xhtml1/DTD/xhtml1-transitional.dtd">
<html xmlns="http://www.w3.org/1999/xhtml" xml:lang="en" lang="en">
 <head>
  <title>
</title>
<meta http-equiv="Content-Type" content="text/html;charset=utf-8" />
  <meta name='ocr-system' content='tesseract 3.04.00' />
  <meta name='ocr-capabilities' content='ocr_page ocr_carea ocr_par ocr_line ocrx_word'/>
</head>
<body>
  <div class='ocr_page' id='page_1' title='image "./quaestonescatul00webegoog_0105.png"; bbox 0 0 2934 4742; ppageno 0'>
   <div class='ocr_carea' id='block_1_1' title="bbox 734 199 893 290">
    <p class='ocr_par' dir='ltr' id='par_1_1' title="bbox 734 199 893 290">
     <span class='ocr_line' id='line_1_1' title="bbox 734 199 893 290; baseline 0 -34"><span class='ocrx_word' id='word_1_1' title='bbox 734 199 893 290; x_wconf 49' lang='lat' dir='ltr'>Q.</span> 
     </span>
    </p>
   </div>
   <div class='ocr_carea' id='block_1_2' title="bbox 167 386 1428 3342">
    <p class='ocr_par' dir='ltr' id='par_1_2' title="bbox 167 386 1428 1853">
     <span class='ocr_line' id='line_1_2' title="bbox 195 386 1428 470; baseline -0.001 -18"><span class='ocrx_word' id='word_1_2' title='bbox 195 386 370 470; x_wconf 89' lang='lat' dir='ltr'>multiplioi</span> <span class='ocrx_word' id='word_1_3' title='bbox 392 386 599 469; x_wconf 75' lang='lat' dir='ltr'>explicatione</span> <span class='ocrx_word' id='word_1_4' title='bbox 623 388 657 451; x_wconf 88' lang='lat' dir='ltr'>et</span> <span class='ocrx_word' id='word_1_5' title='bbox 679 386 899 469; x_wconf 75' lang='lat' dir='ltr'>descriptione.</span> <span class='ocrx_word' id='word_1_6' title='bbox 944 387 1051 467; x_wconf 82' lang='lat' dir='ltr'>Atque</span> <span class='ocrx_word' id='word_1_7' title='bbox 1074 386 1135 450; x_wconf 87' lang='lat' dir='ltr'>heo</span> <span class='ocrx_word' id='word_1_8' title='bbox 1162 386 1196 449; x_wconf 94' lang='lat' dir='ltr'>in</span> <span class='ocrx_word' id='word_1_9' title='bbox 1224 405 1258 450; x_wconf 89' lang='lat' dir='ltr'>re</span> <span class='ocrx_word' id='word_1_10' title='bbox 1289 386 1428 451; x_wconf 85' lang='lat' dir='ltr'>maxime</span> 
     </span>
     <span class='ocr_line' id='line_1_3' title="bbox 196 491 1427 576; baseline -0.001 -18"><span class='ocrx_word' id='word_1_11' title='bbox 196 511 252 558; x_wconf 89' lang='lat' dir='ltr'>ars</span> <span class='ocrx_word' id='word_1_12' title='bbox 269 492 416 576; x_wconf 81' lang='lat' dir='ltr'>Sapphus</span> <span class='ocrx_word' id='word_1_13' title='bbox 433 493 574 558; x_wconf 88' lang='lat' dir='ltr'>oernitur</span> <span class='ocrx_word' id='word_1_14' title='bbox 589 492 855 575; x_wconf 90' lang='lat' dir='ltr'>inoomperabilis,</span> <span class='ocrx_word' id='word_1_15' title='bbox 879 491 963 573; x_wconf 90' lang='lat' dir='ltr'>quod</span> <span class='ocrx_word' id='word_1_16' title='bbox 985 492 1091 574; x_wconf 87' lang='lat' dir='ltr'>poesis</span> <span class='ocrx_word' id='word_1_17' title='bbox 1115 492 1183 556; x_wconf 91' lang='lat' dir='ltr'>eius</span> <span class='ocrx_word' id='word_1_18' title='bbox 1199 492 1329 557; x_wconf 88' lang='lat' dir='ltr'>divitias</span> <span class='ocrx_word' id='word_1_19' title='bbox 1355 513 1427 557; x_wconf 89' lang='lat' dir='ltr'>suas</span> 
     </span>
     <span class='ocr_line' id='line_1_4' title="bbox 197 599 1426 682; baseline 0.002 -20"><span class='ocrx_word' id='word_1_20' title='bbox 197 599 327 680; x_wconf 89' lang='lat' dir='ltr'>quaerit</span> <span class='ocrx_word' id='word_1_21' title='bbox 348 619 412 664; x_wconf 93' lang='lat' dir='ltr'>non</span> <span class='ocrx_word' id='word_1_22' title='bbox 436 617 452 663; x_wconf 92' lang='lat' dir='ltr'>e</span> <span class='ocrx_word' id='word_1_23' title='bbox 475 600 660 682; x_wconf 88' lang='lat' dir='ltr'>patentibus</span> <span class='ocrx_word' id='word_1_24' title='bbox 685 618 869 682; x_wconf 86' lang='lat' dir='ltr'>eamporum</span> <span class='ocrx_word' id='word_1_25' title='bbox 892 599 1099 680; x_wconf 83' lang='lat' dir='ltr'>aequoribus,</span> <span class='ocrx_word' id='word_1_26' title='bbox 1129 599 1184 664; x_wconf 88' lang='lat' dir='ltr'>sed</span> <span class='ocrx_word' id='word_1_27' title='bbox 1208 618 1225 664; x_wconf 90' lang='lat' dir='ltr'>e</span> <span class='ocrx_word' id='word_1_28' title='bbox 1248 600 1319 664; x_wconf 89' lang='lat' dir='ltr'>loeo</span> <span class='ocrx_word' id='word_1_29' title='bbox 1351 601 1426 664; x_wconf 89' lang='lat' dir='ltr'>satis</span> 
     </span>
     <span class='ocr_line' id='line_1_5' title="bbox 198 704 1427 788; baseline 0.001 -19"><span class='ocrx_word' id='word_1_30' title='bbox 198 707 348 786; x_wconf 83' lang='lat' dir='ltr'>angusto.</span> <span class='ocrx_word' id='word_1_31' title='bbox 393 704 488 769; x_wconf 87' lang='lat' dir='ltr'>Vitae</span> <span class='ocrx_word' id='word_1_32' title='bbox 511 705 611 787; x_wconf 83' lang='lat' dir='ltr'>igitur</span> <span class='ocrx_word' id='word_1_33' title='bbox 633 706 734 788; x_wconf 89' lang='lat' dir='ltr'>ipsius</span> <span class='ocrx_word' id='word_1_34' title='bbox 750 705 914 770; x_wconf 90' lang='lat' dir='ltr'>muliebris</span> <span class='ocrx_word' id='word_1_35' title='bbox 931 707 1051 769; x_wconf 84' lang='lat' dir='ltr'>sortem</span> <span class='ocrx_word' id='word_1_36' title='bbox 1066 707 1100 770; x_wconf 91' lang='lat' dir='ltr'>et</span> <span class='ocrx_word' id='word_1_37' title='bbox 1115 706 1343 784; x_wconf 84' lang='lat' dir='ltr'>eondioionem,</span> <span class='ocrx_word' id='word_1_38' title='bbox 1368 726 1427 770; x_wconf 92' lang='lat' dir='ltr'>non</span> 
     </span>
     <span class='ocr_line' id='line_1_6' title="bbox 197 811 1427 895; baseline 0.002 -20"><span class='ocrx_word' id='word_1_39' title='bbox 197 811 401 893; x_wconf 80' lang='lat' dir='ltr'>singularum</span> <span class='ocrx_word' id='word_1_40' title='bbox 428 812 600 877; x_wconf 88' lang='lat' dir='ltr'>mulierum</span> <span class='ocrx_word' id='word_1_41' title='bbox 637 812 779 895; x_wconf 85' lang='lat' dir='ltr'>privatas</span> <span class='ocrx_word' id='word_1_42' title='bbox 815 811 972 893; x_wconf 92' lang='lat' dir='ltr'>quasdam</span> <span class='ocrx_word' id='word_1_43' title='bbox 1011 815 1114 876; x_wconf 90' lang='lat' dir='ltr'>sortes</span> <span class='ocrx_word' id='word_1_44' title='bbox 1144 815 1177 877; x_wconf 90' lang='lat' dir='ltr'>et</span> <span class='ocrx_word' id='word_1_45' title='bbox 1205 814 1427 895; x_wconf 87' lang='lat' dir='ltr'>proprietates,</span> 
     </span>
     <span class='ocr_line' id='line_1_7' title="bbox 195 918 1427 1002; baseline 0.002 -20"><span class='ocrx_word' id='word_1_46' title='bbox 195 919 245 984; x_wconf 90' lang='lat' dir='ltr'>ita</span> <span class='ocrx_word' id='word_1_47' title='bbox 275 937 332 1002; x_wconf 88' lang='lat' dir='ltr'>per</span> <span class='ocrx_word' id='word_1_48' title='bbox 359 936 468 982; x_wconf 89' lang='lat' dir='ltr'>omnes</span> <span class='ocrx_word' id='word_1_49' title='bbox 501 918 618 1000; x_wconf 79' lang='lat' dir='ltr'>gradm</span> <span class='ocrx_word' id='word_1_50' title='bbox 648 919 772 1001; x_wconf 81' lang='lat' dir='ltr'>poetria</span> <span class='ocrx_word' id='word_1_51' title='bbox 801 919 1019 1001; x_wconf 86' lang='lat' dir='ltr'>persequitur,</span> <span class='ocrx_word' id='word_1_52' title='bbox 1054 921 1093 982; x_wconf 92' lang='lat' dir='ltr'>ut</span> <span class='ocrx_word' id='word_1_53' title='bbox 1125 937 1183 1001; x_wconf 91' lang='lat' dir='ltr'>par</span> <span class='ocrx_word' id='word_1_54' title='bbox 1216 920 1295 983; x_wconf 93' lang='lat' dir='ltr'>artis</span> <span class='ocrx_word' id='word_1_55' title='bbox 1326 919 1427 1002; x_wconf 89' lang='lat' dir='ltr'>ipsius</span> 
     </span>
     <span class='ocr_line' id='line_1_8' title="bbox 195 1025 1427 1108; baseline 0.002 -18"><span class='ocrx_word' id='word_1_56' title='bbox 195 1026 390 1090; x_wconf 77' lang='lat' dir='ltr'>uarietatem</span> <span class='ocrx_word' id='word_1_57' title='bbox 413 1027 446 1089; x_wconf 88' lang='lat' dir='ltr'>et</span> <span class='ocrx_word' id='word_1_58' title='bbox 468 1025 649 1088; x_wconf 86' lang='lat' dir='ltr'>ubertatem</span> <span class='ocrx_word' id='word_1_59' title='bbox 672 1025 719 1088; x_wconf 90' lang='lat' dir='ltr'>rei</span> <span class='ocrx_word' id='word_1_60' title='bbox 751 1025 909 1089; x_wconf 86' lang='lat' dir='ltr'>traotatae</span> <span class='ocrx_word' id='word_1_61' title='bbox 938 1026 1088 1088; x_wconf 87' lang='lat' dir='ltr'>naturam</span> <span class='ocrx_word' id='word_1_62' title='bbox 1124 1027 1156 1088; x_wconf 91' lang='lat' dir='ltr'>et</span> <span class='ocrx_word' id='word_1_63' title='bbox 1187 1025 1427 1108; x_wconf 88' lang='lat' dir='ltr'>simplieitatem</span> 
     </span>
     <span class='ocr_line' id='line_1_9' title="bbox 197 1130 1426 1213; baseline 0.001 -17"><span class='ocrx_word' id='word_1_64' title='bbox 197 1131 288 1196; x_wconf 92' lang='lat' dir='ltr'>miris</span> <span class='ocrx_word' id='word_1_65' title='bbox 312 1132 544 1197; x_wconf 87' lang='lat' dir='ltr'>sententiarum</span> <span class='ocrx_word' id='word_1_66' title='bbox 568 1133 600 1196; x_wconf 92' lang='lat' dir='ltr'>et</span> <span class='ocrx_word' id='word_1_67' title='bbox 622 1131 799 1212; x_wconf 82' lang='lat' dir='ltr'>imaginum</span> <span class='ocrx_word' id='word_1_68' title='bbox 822 1131 919 1213; x_wconf 89' lang='lat' dir='ltr'>oopiis</span> <span class='ocrx_word' id='word_1_69' title='bbox 948 1149 1064 1212; x_wconf 85' lang='lat' dir='ltr'>augore</span> <span class='ocrx_word' id='word_1_70' title='bbox 1095 1130 1255 1207; x_wconf 87' lang='lat' dir='ltr'>videatur,</span> <span class='ocrx_word' id='word_1_71' title='bbox 1280 1150 1366 1213; x_wconf 87' lang='lat' dir='ltr'>quae</span> <span class='ocrx_word' id='word_1_72' title='bbox 1390 1134 1426 1197; x_wconf 92' lang='lat' dir='ltr'>ah</span> 
     </span>
     <span class='ocr_line' id='line_1_10' title="bbox 193 1236 1425 1321; baseline 0.001 -19"><span class='ocrx_word' id='word_1_73' title='bbox 193 1239 267 1321; x_wconf 86' lang='lat' dir='ltr'>ipsa</span> <span class='ocrx_word' id='word_1_74' title='bbox 291 1238 388 1302; x_wconf 89' lang='lat' dir='ltr'>enimi</span> <span class='ocrx_word' id='word_1_75' title='bbox 412 1256 588 1318; x_wconf 89' lang='lat' dir='ltr'>sensusque</span> <span class='ocrx_word' id='word_1_76' title='bbox 610 1236 746 1301; x_wconf 87' lang='lat' dir='ltr'>veritate</span> <span class='ocrx_word' id='word_1_77' title='bbox 769 1240 960 1319; x_wconf 90' lang='lat' dir='ltr'>repetuntur</span> <span class='ocrx_word' id='word_1_78' title='bbox 983 1255 1172 1319; x_wconf 89' lang='lat' dir='ltr'>semperque</span> <span class='ocrx_word' id='word_1_79' title='bbox 1194 1257 1275 1320; x_wconf 91' lang='lat' dir='ltr'>puro</span> <span class='ocrx_word' id='word_1_80' title='bbox 1298 1240 1425 1303; x_wconf 84' lang='lat' dir='ltr'>nativae</span> 
     </span>
     <span class='ocr_line' id='line_1_11' title="bbox 196 1343 1425 1427; baseline 0 -19"><span class='ocrx_word' id='word_1_81' title='bbox 196 1344 444 1427; x_wconf 87' lang='lat' dir='ltr'>pulohritudinis</span> <span class='ocrx_word' id='word_1_82' title='bbox 468 1344 604 1408; x_wconf 87' lang='lat' dir='ltr'>oandore</span> <span class='ocrx_word' id='word_1_83' title='bbox 626 1345 743 1408; x_wconf 90' lang='lat' dir='ltr'>luoent.</span> <span class='ocrx_word' id='word_1_84' title='bbox 788 1345 835 1408; x_wconf 84' lang='lat' dir='ltr'>Ao</span> <span class='ocrx_word' id='word_1_85' title='bbox 857 1343 1059 1408; x_wconf 86' lang='lat' dir='ltr'>verissimum</span> <span class='ocrx_word' id='word_1_86' title='bbox 1083 1349 1141 1420; x_wconf 87' lang='lat' dir='ltr'>est,</span> <span class='ocrx_word' id='word_1_87' title='bbox 1165 1343 1248 1424; x_wconf 89' lang='lat' dir='ltr'>quod</span> <span class='ocrx_word' id='word_1_88' title='bbox 1268 1346 1305 1408; x_wconf 80' lang='lat' dir='ltr'>A.</span> <span class='ocrx_word' id='word_1_89' title='bbox 1321 1345 1425 1409; x_wconf 92' lang='lat' dir='ltr'>Bonin</span> 
     </span>
     <span class='ocr_line' id='line_1_12' title="bbox 193 1447 1426 1534; baseline 0 -20"><span class='ocrx_word' id='word_1_90' title='bbox 193 1451 218 1514; x_wconf 90' lang='lat' dir='ltr'>l.</span> <span class='ocrx_word' id='word_1_91' title='bbox 242 1471 267 1516; x_wconf 89' lang='lat' dir='ltr'>o.</span> <span class='ocrx_word' id='word_1_92' title='bbox 290 1471 320 1534; x_wconf 89' lang='lat' dir='ltr'>p.</span> <span class='ocrx_word' id='word_1_93' title='bbox 344 1459 363 1516; x_wconf 89' lang='lat'>3</span> <span class='ocrx_word' id='word_1_94' title='bbox 388 1451 426 1515; x_wconf 92' lang='lat' dir='ltr'>de</span> <span class='ocrx_word' id='word_1_95' title='bbox 457 1450 584 1534; x_wconf 81' lang='lat' dir='ltr'>Sappho</span> <span class='ocrx_word' id='word_1_96' title='bbox 615 1450 712 1515; x_wconf 80' lang='lat' dir='ltr'>dixit:</span> <span class='ocrx_word' id='word_1_97' title='bbox 742 1449 839 1514; x_wconf 84' lang='lat' dir='ltr'>deren</span> <span class='ocrx_word' id='word_1_98' title='bbox 862 1448 1022 1530; x_wconf 77' lang='lat' dir='ltr'>poetisehe</span> <span class='ocrx_word' id='word_1_99' title='bbox 1051 1447 1309 1530; x_wconf 76' lang='lat' dir='ltr'>Offarhamapea</span> <span class='ocrx_word' id='word_1_100' title='bbox 1340 1449 1426 1514; x_wconf 61' lang='lat' dir='ltr'>niem</span> 
     </span>
     <span class='ocr_line' id='line_1_13' title="bbox 193 1555 1426 1639; baseline -0.001 -18"><span class='ocrx_word' id='word_1_101' title='bbox 193 1556 285 1621; x_wconf 74' lang='lat' dir='ltr'>ntehr</span> <span class='ocrx_word' id='word_1_102' title='bbox 307 1557 345 1621; x_wconf 81' lang='lat' dir='ltr'>ia</span> <span class='ocrx_word' id='word_1_103' title='bbox 366 1557 468 1622; x_wconf 72' lang='lat' dir='ltr'>iliram</span> <span class='ocrx_word' id='word_1_104' title='bbox 496 1576 619 1639; x_wconf 70' lang='lat' dir='ltr'>ponzen</span> <span class='ocrx_word' id='word_1_105' title='bbox 655 1555 797 1637; x_wconf 75' lang='lat' dir='ltr'>Umfanp</span> <span class='ocrx_word' id='word_1_106' title='bbox 827 1555 1016 1620; x_wconf 82' lang='lat' dir='ltr'>hewaadera</span> <span class='ocrx_word' id='word_1_107' title='bbox 1046 1574 1088 1621; x_wconf 76' lang='lat' dir='ltr'>au</span> <span class='ocrx_word' id='word_1_108' title='bbox 1116 1555 1255 1634; x_wconf 71' lang='lat' dir='ltr'>konnen,</span> <span class='ocrx_word' id='word_1_109' title='bbox 1286 1556 1426 1621; x_wconf 80' lang='lat' dir='ltr'>hedeutat</span> 
     </span>
     <span class='ocr_line' id='line_1_14' title="bbox 167 1657 1424 1745; baseline -0.002 -17"><span class='ocrx_word' id='word_1_110' title='bbox 167 1657 170 1661; x_wconf 70' lang='grc'><strong>’</strong></span> <span class='ocrx_word' id='word_1_111' title='bbox 193 1662 254 1745; x_wconf 73' lang='lat' dir='ltr'>fair</span> <span class='ocrx_word' id='word_1_112' title='bbox 276 1681 338 1728; x_wconf 80' lang='lat' dir='ltr'>aas</span> <span class='ocrx_word' id='word_1_113' title='bbox 361 1662 437 1728; x_wconf 82' lang='lat' dir='ltr'>doeh</span> <span class='ocrx_word' id='word_1_114' title='bbox 458 1663 539 1728; x_wconf 78' lang='lat' dir='ltr'>wohl</span> <span class='ocrx_word' id='word_1_115' title='bbox 561 1663 622 1728; x_wconf 81' lang='lat' dir='ltr'>den</span> <span class='ocrx_word' id='word_1_116' title='bbox 643 1662 915 1730; x_wconf 76' lang='lat' dir='ltr'>sehmerale&#39;elntea</span> <span class='ocrx_word' id='word_1_117' title='bbox 945 1661 1080 1737; x_wconf 81' lang='lat' dir='ltr'>Verluet,</span> <span class='ocrx_word' id='word_1_118' title='bbox 1104 1662 1166 1727; x_wconf 76' lang='lat' dir='ltr'>dea</span> <span class='ocrx_word' id='word_1_119' title='bbox 1187 1662 1250 1726; x_wconf 76' lang='lat' dir='ltr'>wir</span> <span class='ocrx_word' id='word_1_120' title='bbox 1278 1663 1340 1726; x_wconf 78' lang='lat' dir='ltr'>mit</span> <span class='ocrx_word' id='word_1_121' title='bbox 1363 1661 1424 1726; x_wconf 82' lang='lat' dir='ltr'>Be·</span> 
     </span>
     <span class='ocr_line' id='line_1_15' title="bbox 193 1767 1394 1853; baseline -0.003 -17"><span class='ocrx_word' id='word_1_122' title='bbox 193 1789 257 1852; x_wconf 73' lang='lat' dir='ltr'>aap</span> <span class='ocrx_word' id='word_1_123' title='bbox 281 1770 347 1851; x_wconf 80' lang='lat' dir='ltr'>auf</span> <span class='ocrx_word' id='word_1_124' title='bbox 360 1768 551 1853; x_wconf 61' lang='lat' dir='ltr'>priaehhehe</span> <span class='ocrx_word' id='word_1_125' title='bbox 572 1769 643 1833; x_wconf 75' lang='lat' dir='ltr'>rard</span> <span class='ocrx_word' id='word_1_126' title='bbox 663 1769 817 1834; x_wconf 72' lang='lat' dir='ltr'>remeate</span> <span class='ocrx_word' id='word_1_127' title='bbox 839 1769 1020 1834; x_wconf 76' lang='lat' dir='ltr'>Diiteratwr</span> <span class='ocrx_word' id='word_1_128' title='bbox 1041 1788 1084 1834; x_wconf 75' lang='lat' dir='ltr'>aa</span> <span class='ocrx_word' id='word_1_129' title='bbox 1107 1767 1257 1850; x_wconf 77' lang='lat' dir='ltr'>baldapea</span> <span class='ocrx_word' id='word_1_130' title='bbox 1280 1769 1394 1835; x_wconf 79' lang='lat' dir='ltr'>habea.</span> 
     </span>
    </p>

    <p class='ocr_par' dir='ltr' id='par_1_3' title="bbox 193 1875 1425 2900">
     <span class='ocr_line' id='line_1_16' title="bbox 288 1875 1425 1957; baseline -0.001 -16"><span class='ocrx_word' id='word_1_131' title='bbox 288 1876 410 1955; x_wconf 79' lang='lat' dir='ltr'>Quodsi</span> <span class='ocrx_word' id='word_1_132' title='bbox 433 1875 649 1954; x_wconf 79' lang='lat' dir='ltr'>Quintilianus</span> <span class='ocrx_word' id='word_1_133' title='bbox 672 1877 781 1940; x_wconf 86' lang='lat' dir='ltr'>rhetor</span> <span class='ocrx_word' id='word_1_134' title='bbox 810 1877 844 1940; x_wconf 92' lang='lat' dir='ltr'>in</span> <span class='ocrx_word' id='word_1_135' title='bbox 873 1877 912 1940; x_wconf 87' lang='lat' dir='ltr'>iis</span> <span class='ocrx_word' id='word_1_136' title='bbox 943 1877 1088 1941; x_wconf 87' lang='lat' dir='ltr'>leotionis</span> <span class='ocrx_word' id='word_1_137' title='bbox 1118 1876 1288 1957; x_wconf 86' lang='lat' dir='ltr'>generibus</span> <span class='ocrx_word' id='word_1_138' title='bbox 1318 1896 1425 1942; x_wconf 85' lang='lat' dir='ltr'>reeen-</span> 
     </span>
     <span class='ocr_line' id='line_1_17' title="bbox 194 1982 1425 2064; baseline -0.001 -17"><span class='ocrx_word' id='word_1_139' title='bbox 194 1984 313 2061; x_wconf 88' lang='lat' dir='ltr'>eendis,</span> <span class='ocrx_word' id='word_1_140' title='bbox 336 2003 419 2064; x_wconf 81' lang='lat' dir='ltr'>quae</span> <span class='ocrx_word' id='word_1_141' title='bbox 438 1982 614 2062; x_wconf 75' lang='lat' dir='ltr'>praecipue</span> <span class='ocrx_word' id='word_1_142' title='bbox 645 1982 808 2046; x_wconf 77' lang='lat' dir='ltr'>convenire</span> <span class='ocrx_word' id='word_1_143' title='bbox 837 1982 1075 2046; x_wconf 63' lang='lat' dir='ltr'>inundantibus</span> <span class='ocrx_word' id='word_1_144' title='bbox 1103 1985 1140 2046; x_wconf 81' lang='lat' dir='ltr'>ut</span> <span class='ocrx_word' id='word_1_145' title='bbox 1169 1985 1312 2046; x_wconf 70' lang='lat' dir='ltr'>autores</span> <span class='ocrx_word' id='word_1_146' title='bbox 1343 1983 1425 2064; x_wconf 76' lang='lat' dir='ltr'>fiant</span> 
     </span>
     <span class='ocr_line' id='line_1_18' title="bbox 194 2087 1424 2170; baseline 0.001 -17"><span class='ocrx_word' id='word_1_147' title='bbox 194 2089 373 2166; x_wconf 81' lang='lat' dir='ltr'>existimat,</span> <span class='ocrx_word' id='word_1_148' title='bbox 397 2106 471 2152; x_wconf 88' lang='lat' dir='ltr'>oum</span> <span class='ocrx_word' id='word_1_149' title='bbox 493 2087 630 2152; x_wconf 88' lang='lat' dir='ltr'>Pindaro</span> <span class='ocrx_word' id='word_1_150' title='bbox 662 2090 694 2152; x_wconf 93' lang='lat' dir='ltr'>et</span> <span class='ocrx_word' id='word_1_151' title='bbox 725 2088 904 2154; x_wconf 89' lang='lat' dir='ltr'>Stesiohoro</span> <span class='ocrx_word' id='word_1_152' title='bbox 932 2090 1086 2154; x_wconf 76' lang='lat' dir='ltr'>Alcaeum</span> <span class='ocrx_word' id='word_1_153' title='bbox 1117 2107 1243 2170; x_wconf 91' lang='lat' dir='ltr'>quoque</span> <span class='ocrx_word' id='word_1_154' title='bbox 1271 2091 1424 2166; x_wconf 80' lang='lat' dir='ltr'>nominat,</span> 
     </span>
     <span class='ocr_line' id='line_1_19' title="bbox 195 2193 1423 2278; baseline 0 -18"><span class='ocrx_word' id='word_1_155' title='bbox 195 2196 253 2278; x_wconf 93' lang='lat' dir='ltr'>qui</span> <span class='ocrx_word' id='word_1_156' title='bbox 276 2195 315 2258; x_wconf 82' lang='lat' dir='ltr'>ia</span> <span class='ocrx_word' id='word_1_157' title='bbox 343 2193 513 2276; x_wconf 77' lang='lat' dir='ltr'>eloquendo</span> <span class='ocrx_word' id='word_1_158' title='bbox 543 2214 664 2276; x_wconf 81' lang='lat' dir='ltr'>qaoque</span> <span class='ocrx_word' id='word_1_159' title='bbox 687 2194 790 2259; x_wconf 79' lang='lat' dir='ltr'>brevis</span> <span class='ocrx_word' id='word_1_160' title='bbox 812 2198 841 2259; x_wconf 81' lang='lat' dir='ltr'>et</span> <span class='ocrx_word' id='word_1_161' title='bbox 863 2195 1053 2276; x_wconf 71' lang='lat' dir='ltr'>mapnifious</span> <span class='ocrx_word' id='word_1_162' title='bbox 1082 2199 1111 2258; x_wconf 78' lang='lat' dir='ltr'>et</span> <span class='ocrx_word' id='word_1_163' title='bbox 1138 2194 1267 2259; x_wconf 61' lang='lat' dir='ltr'>diomede*</span> <span class='ocrx_word' id='word_1_164' title='bbox 1295 2195 1332 2259; x_wconf 84' lang='lat' dir='ltr'>oi</span> <span class='ocrx_word' id='word_1_165' title='bbox 1355 2195 1423 2276; x_wconf 74' lang='lat' dir='ltr'>ple</span> 
     </span>
     <span class='ocr_line' id='line_1_20' title="bbox 195 2299 1425 2385; baseline 0.001 -19"><span class='ocrx_word' id='word_1_166' title='bbox 195 2321 332 2382; x_wconf 80' lang='lat' dir='ltr'>rumque</span> <span class='ocrx_word' id='word_1_167' title='bbox 354 2301 476 2365; x_wconf 66' lang='lat' dir='ltr'>maiori</span> <span class='ocrx_word' id='word_1_168' title='bbox 498 2299 617 2365; x_wconf 76' lang='lat' dir='ltr'>similis</span> <span class='ocrx_word' id='word_1_169' title='bbox 640 2302 683 2365; x_wconf 89' lang='lat' dir='ltr'>sit</span> <span class='ocrx_word' id='word_1_170' title='bbox 706 2302 748 2385; x_wconf 86' lang='lat' dir='ltr'>(X</span> <span class='ocrx_word' id='word_1_171' title='bbox 766 2311 794 2378; x_wconf 95' lang='lat'>1,</span> <span class='ocrx_word' id='word_1_172' title='bbox 812 2300 876 2384; x_wconf 87' lang='lat'>63),</span> <span class='ocrx_word' id='word_1_173' title='bbox 900 2304 933 2365; x_wconf 90' lang='lat' dir='ltr'>et</span> <span class='ocrx_word' id='word_1_174' title='bbox 948 2301 1038 2365; x_wconf 86' lang='lat' dir='ltr'>addit</span> <span class='ocrx_word' id='word_1_175' title='bbox 1053 2302 1092 2366; x_wconf 91' lang='lat' dir='ltr'>de</span> <span class='ocrx_word' id='word_1_176' title='bbox 1115 2301 1227 2366; x_wconf 91' lang='lat' dir='ltr'>eodem</span> <span class='ocrx_word' id='word_1_177' title='bbox 1249 2303 1349 2367; x_wconf 85' lang='lat' dir='ltr'>haee:</span> <span class='ocrx_word' id='word_1_178' title='bbox 1373 2302 1425 2367; x_wconf 83' lang='lat' dir='ltr'>sed</span> 
     </span>
     <span class='ocr_line' id='line_1_21' title="bbox 193 2406 1425 2488; baseline 0.001 -16"><span class='ocrx_word' id='word_1_179' title='bbox 193 2412 225 2472; x_wconf 76' lang='lat' dir='ltr'>et</span> <span class='ocrx_word' id='word_1_180' title='bbox 248 2407 436 2472; x_wconf 72' lang='lat' dir='ltr'>laudatio</span> <span class='ocrx_word' id='word_1_181' title='bbox 458 2427 581 2472; x_wconf 83' lang='lat' dir='ltr'>amores</span> <span class='ocrx_word' id='word_1_182' title='bbox 604 2407 771 2486; x_wconf 79' lang='lat' dir='ltr'>deseendit,</span> <span class='ocrx_word' id='word_1_183' title='bbox 794 2406 972 2472; x_wconf 76' lang='lat' dir='ltr'>maioribus</span> <span class='ocrx_word' id='word_1_184' title='bbox 993 2412 1100 2472; x_wconf 72' lang='lat' dir='ltr'>domm</span> <span class='ocrx_word' id='word_1_185' title='bbox 1114 2408 1230 2488; x_wconf 70' lang='lat' dir='ltr'>opiter,</span> <span class='ocrx_word' id='word_1_186' title='bbox 1254 2427 1356 2474; x_wconf 89' lang='lat' dir='ltr'>eausa</span> <span class='ocrx_word' id='word_1_187' title='bbox 1379 2413 1425 2475; x_wconf 86' lang='lat' dir='ltr'>ast</span> 
     </span>
     <span class='ocr_line' id='line_1_22' title="bbox 195 2513 1424 2597; baseline 0.003 -19"><span class='ocrx_word' id='word_1_188' title='bbox 195 2513 376 2592; x_wconf 78' lang='lat' dir='ltr'>manifesta,</span> <span class='ocrx_word' id='word_1_189' title='bbox 400 2534 457 2579; x_wconf 92' lang='lat' dir='ltr'>our</span> <span class='ocrx_word' id='word_1_190' title='bbox 487 2514 635 2597; x_wconf 81' lang='lat' dir='ltr'>Sapphus</span> <span class='ocrx_word' id='word_1_191' title='bbox 666 2515 862 2579; x_wconf 89' lang='lat' dir='ltr'>mentionem</span> <span class='ocrx_word' id='word_1_192' title='bbox 891 2515 1081 2596; x_wconf 81' lang='lat' dir='ltr'>neglexerit,</span> <span class='ocrx_word' id='word_1_193' title='bbox 1111 2515 1233 2579; x_wconf 88' lang='lat' dir='ltr'>soilieet</span> <span class='ocrx_word' id='word_1_194' title='bbox 1261 2516 1339 2597; x_wconf 88' lang='lat' dir='ltr'>quia</span> <span class='ocrx_word' id='word_1_195' title='bbox 1368 2536 1424 2582; x_wconf 89' lang='lat' dir='ltr'>neo</span> 
     </span>
     <span class='ocr_line' id='line_1_23' title="bbox 193 2621 1424 2704; baseline 0.001 -18"><span class='ocrx_word' id='word_1_196' title='bbox 193 2621 351 2686; x_wconf 86' lang='lat' dir='ltr'>maximas</span> <span class='ocrx_word' id='word_1_197' title='bbox 374 2640 426 2686; x_wconf 89' lang='lat' dir='ltr'>res</span> <span class='ocrx_word' id='word_1_198' title='bbox 450 2623 578 2685; x_wconf 78' lang='lat' dir='ltr'>sanarat</span> <span class='ocrx_word' id='word_1_199' title='bbox 599 2639 659 2684; x_wconf 91' lang='lat' dir='ltr'>neo</span> <span class='ocrx_word' id='word_1_200' title='bbox 681 2621 787 2703; x_wconf 87' lang='lat' dir='ltr'>eopies</span> <span class='ocrx_word' id='word_1_201' title='bbox 812 2622 1010 2702; x_wconf 88' lang='lat' dir='ltr'>eloquentiae</span> <span class='ocrx_word' id='word_1_202' title='bbox 1034 2624 1125 2703; x_wconf 90' lang='lat' dir='ltr'>aptas</span> <span class='ocrx_word' id='word_1_203' title='bbox 1152 2622 1338 2704; x_wconf 86' lang='lat' dir='ltr'>praeberet,</span> <span class='ocrx_word' id='word_1_204' title='bbox 1370 2623 1424 2689; x_wconf 89' lang='lat' dir='ltr'>sed</span> 
     </span>
     <span class='ocr_line' id='line_1_24' title="bbox 193 2727 1423 2810; baseline 0.002 -18"><span class='ocrx_word' id='word_1_205' title='bbox 193 2727 332 2810; x_wconf 79' lang='lat' dir='ltr'>simphd</span> <span class='ocrx_word' id='word_1_206' title='bbox 354 2728 484 2792; x_wconf 89' lang='lat' dir='ltr'>tantum</span> <span class='ocrx_word' id='word_1_207' title='bbox 506 2730 676 2792; x_wconf 83' lang='lat' dir='ltr'>venustate</span> <span class='ocrx_word' id='word_1_208' title='bbox 700 2730 733 2792; x_wconf 91' lang='lat' dir='ltr'>et</span> <span class='ocrx_word' id='word_1_209' title='bbox 755 2728 953 2792; x_wconf 78' lang='lat' dir='ltr'>iucunditate</span> <span class='ocrx_word' id='word_1_210' title='bbox 978 2728 1118 2809; x_wconf 88' lang='lat' dir='ltr'>quadarn</span> <span class='ocrx_word' id='word_1_211' title='bbox 1141 2747 1175 2792; x_wconf 92' lang='lat' dir='ltr'>se</span> <span class='ocrx_word' id='word_1_212' title='bbox 1199 2731 1423 2795; x_wconf 75' lang='lat' dir='ltr'>commendare</span> 
     </span>
     <span class='ocr_line' id='line_1_25' title="bbox 194 2835 363 2900; baseline -0.012 0"><span class='ocrx_word' id='word_1_213' title='bbox 194 2835 363 2900; x_wconf 87' lang='lat' dir='ltr'>videretur.</span> 
     </span>
    </p>

    <p class='ocr_par' dir='ltr' id='par_1_4' title="bbox 192 2940 1422 3342">
     <span class='ocr_line' id='line_1_26' title="bbox 283 2940 1422 3024; baseline 0 -18"><span class='ocrx_word' id='word_1_214' title='bbox 283 2941 376 3006; x_wconf 91' lang='lat' dir='ltr'>Hano</span> <span class='ocrx_word' id='word_1_215' title='bbox 392 2943 501 3006; x_wconf 91' lang='lat' dir='ltr'>autem</span> <span class='ocrx_word' id='word_1_216' title='bbox 516 2940 732 3006; x_wconf 82' lang='lat' dir='ltr'>Catullianem</span> <span class='ocrx_word' id='word_1_217' title='bbox 749 2940 898 3023; x_wconf 89' lang='lat' dir='ltr'>Sapphioi</span> <span class='ocrx_word' id='word_1_218' title='bbox 914 2941 1110 3023; x_wconf 86' lang='lat' dir='ltr'>epithalamii</span> <span class='ocrx_word' id='word_1_219' title='bbox 1125 2941 1422 3024; x_wconf 88' lang='lat' dir='ltr'>interpretationem</span> 
     </span>
     <span class='ocr_line' id='line_1_27' title="bbox 193 3048 1421 3130; baseline 0 -18"><span class='ocrx_word' id='word_1_220' title='bbox 193 3049 378 3113; x_wconf 88' lang='lat' dir='ltr'>maturioris</span> <span class='ocrx_word' id='word_1_221' title='bbox 412 3049 490 3112; x_wconf 87' lang='lat' dir='ltr'>artis</span> <span class='ocrx_word' id='word_1_222' title='bbox 529 3048 619 3130; x_wconf 88' lang='lat' dir='ltr'>signa</span> <span class='ocrx_word' id='word_1_223' title='bbox 649 3048 683 3112; x_wconf 89' lang='lat' dir='ltr'>in</span> <span class='ocrx_word' id='word_1_224' title='bbox 712 3066 864 3112; x_wconf 85' lang='lat' dir='ltr'>versuum</span> <span class='ocrx_word' id='word_1_225' title='bbox 894 3048 1037 3112; x_wconf 90' lang='lat' dir='ltr'>numeris</span> <span class='ocrx_word' id='word_1_226' title='bbox 1067 3048 1184 3112; x_wconf 89' lang='lat' dir='ltr'>habere</span> <span class='ocrx_word' id='word_1_227' title='bbox 1211 3048 1319 3114; x_wconf 91' lang='lat' dir='ltr'>Bonin</span> <span class='ocrx_word' id='word_1_228' title='bbox 1348 3050 1369 3113; x_wconf 92' lang='lat' dir='ltr'>l.</span> <span class='ocrx_word' id='word_1_229' title='bbox 1398 3069 1421 3114; x_wconf 88' lang='lat' dir='ltr'>o.</span> 
     </span>
     <span class='ocr_line' id='line_1_28' title="bbox 194 3154 1422 3237; baseline 0.002 -20"><span class='ocrx_word' id='word_1_230' title='bbox 194 3174 224 3236; x_wconf 91' lang='lat' dir='ltr'>p.</span> <span class='ocrx_word' id='word_1_231' title='bbox 250 3162 380 3220; x_wconf 82' lang='grc'><strong>13-16</strong></span> <span class='ocrx_word' id='word_1_232' title='bbox 405 3155 556 3237; x_wconf 87' lang='lat' dir='ltr'>amphora</span> <span class='ocrx_word' id='word_1_233' title='bbox 587 3154 856 3220; x_wconf 90' lang='lat' dir='ltr'>demonstratione</span> <span class='ocrx_word' id='word_1_234' title='bbox 886 3155 965 3218; x_wconf 87' lang='lat' dir='ltr'>satie</span> <span class='ocrx_word' id='word_1_235' title='bbox 993 3154 1148 3232; x_wconf 77' lang='lat' dir='ltr'>firmavit3</span> <span class='ocrx_word' id='word_1_236' title='bbox 1177 3155 1321 3237; x_wconf 90' lang='lat' dir='ltr'>itemque</span> <span class='ocrx_word' id='word_1_237' title='bbox 1352 3176 1422 3221; x_wconf 88' lang='lat' dir='ltr'>eon·</span> 
     </span>
     <span class='ocr_line' id='line_1_29' title="bbox 192 3260 1311 3342; baseline 0.002 -18"><span class='ocrx_word' id='word_1_238' title='bbox 192 3261 338 3342; x_wconf 86' lang='lat' dir='ltr'>apionem</span> <span class='ocrx_word' id='word_1_239' title='bbox 363 3279 432 3325; x_wconf 91' lang='lat' dir='ltr'>esse</span> <span class='ocrx_word' id='word_1_240' title='bbox 456 3261 606 3324; x_wconf 89' lang='lat' dir='ltr'>orationis</span> <span class='ocrx_word' id='word_1_241' title='bbox 629 3261 852 3325; x_wconf 87' lang='lat' dir='ltr'>maturitatem</span> <span class='ocrx_word' id='word_1_242' title='bbox 875 3261 1019 3325; x_wconf 91' lang='lat' dir='ltr'>doeuisse</span> <span class='ocrx_word' id='word_1_243' title='bbox 1042 3260 1132 3325; x_wconf 89' lang='lat' dir='ltr'>nobis</span> <span class='ocrx_word' id='word_1_244' title='bbox 1155 3261 1311 3330; x_wconf 86' lang='lat' dir='ltr'>videmur.</span> 
     </span>
    </p>
   </div>
   <div class='ocr_carea' id='block_1_3' title="bbox 775 3533 830 3616">
    <p class='ocr_par' dir='ltr' id='par_1_5' title="bbox 775 3533 830 3616">
     <span class='ocr_line' id='line_1_30' title="bbox 775 3533 830 3616; baseline -0.018 0"><span class='ocrx_word' id='word_1_245' title='bbox 775 3533 830 3616; x_wconf 89' lang='lat' dir='ltr'>V.</span> 
     </span>
    </p>
   </div>
   <div class='ocr_carea' id='block_1_4' title="bbox 190 3685 1421 4307">
    <p class='ocr_par' dir='ltr' id='par_1_6' title="bbox 190 3685 1421 3875">
     <span class='ocr_line' id='line_1_31' title="bbox 283 3685 1421 3770; baseline 0.004 -22"><span class='ocrx_word' id='word_1_246' title='bbox 283 3685 351 3750; x_wconf 86' lang='lat' dir='ltr'>Neo</span> <span class='ocrx_word' id='word_1_247' title='bbox 373 3686 480 3750; x_wconf 89' lang='lat' dir='ltr'>minus</span> <span class='ocrx_word' id='word_1_248' title='bbox 503 3688 702 3750; x_wconf 87' lang='lat' dir='ltr'>momentum</span> <span class='ocrx_word' id='word_1_249' title='bbox 725 3687 765 3750; x_wconf 93' lang='lat' dir='ltr'>ad</span> <span class='ocrx_word' id='word_1_250' title='bbox 790 3687 857 3751; x_wconf 89' lang='lat' dir='ltr'>eius</span> <span class='ocrx_word' id='word_1_251' title='bbox 882 3687 1031 3752; x_wconf 76' lang='lat' dir='ltr'>carminis</span> <span class='ocrx_word' id='word_1_252' title='bbox 1062 3687 1216 3769; x_wconf 85' lang='lat' dir='ltr'>originem</span> <span class='ocrx_word' id='word_1_253' title='bbox 1247 3706 1421 3770; x_wconf 78' lang='lat' dir='ltr'>coarguen-</span> 
     </span>
     <span class='ocr_line' id='line_1_32' title="bbox 190 3791 880 3875; baseline 0 -19"><span class='ocrx_word' id='word_1_254' title='bbox 190 3791 268 3856; x_wconf 90' lang='lat' dir='ltr'>dam</span> <span class='ocrx_word' id='word_1_255' title='bbox 291 3794 510 3857; x_wconf 88' lang='lat' dir='ltr'>metrorum</span> <span class='ocrx_word' id='word_1_256' title='bbox 535 3791 627 3857; x_wconf 83' lang='lat' dir='ltr'>affert</span> <span class='ocrx_word' id='word_1_257' title='bbox 650 3793 880 3875; x_wconf 88' lang='lat' dir='ltr'>dispositio.</span> 
     </span>
    </p>

    <p class='ocr_par' dir='ltr' id='par_1_7' title="bbox 191 3899 1419 4307">
     <span class='ocr_line' id='line_1_33' title="bbox 284 3899 1418 3982; baseline 0.004 -18"><span class='ocrx_word' id='word_1_258' title='bbox 284 3899 422 3982; x_wconf 88' lang='lat' dir='ltr'>Stropha</span> <span class='ocrx_word' id='word_1_259' title='bbox 452 3901 485 3963; x_wconf 91' lang='lat' dir='ltr'>et</span> <span class='ocrx_word' id='word_1_260' title='bbox 515 3899 716 3982; x_wconf 86' lang='lat' dir='ltr'>antistropha</span> <span class='ocrx_word' id='word_1_261' title='bbox 745 3900 849 3982; x_wconf 88' lang='lat' dir='ltr'>prima</span> <span class='ocrx_word' id='word_1_262' title='bbox 880 3903 1006 3964; x_wconf 90' lang='lat' dir='ltr'>oonstet</span> <span class='ocrx_word' id='word_1_263' title='bbox 1036 3919 1053 3964; x_wconf 92' lang='lat' dir='ltr'>e</span> <span class='ocrx_word' id='word_1_264' title='bbox 1081 3901 1130 3965; x_wconf 91' lang='lat' dir='ltr'>bis</span> <span class='ocrx_word' id='word_1_265' title='bbox 1163 3901 1246 3966; x_wconf 90' lang='lat' dir='ltr'>binis</span> <span class='ocrx_word' id='word_1_266' title='bbox 1275 3905 1418 3968; x_wconf 83' lang='lat' dir='ltr'>versibus</span> 
     </span>
     <span class='ocr_line' id='line_1_34' title="bbox 191 4006 1415 4093; baseline 0.003 -23"><span class='ocrx_word' id='word_1_267' title='bbox 191 4006 248 4070; x_wconf 93' lang='lat' dir='ltr'>uni</span> <span class='ocrx_word' id='word_1_268' title='bbox 271 4008 439 4089; x_wconf 89' lang='lat' dir='ltr'>utriusque</span> <span class='ocrx_word' id='word_1_269' title='bbox 464 4007 551 4072; x_wconf 88' lang='lat' dir='ltr'>ohori</span> <span class='ocrx_word' id='word_1_270' title='bbox 572 4007 739 4089; x_wconf 90' lang='lat' dir='ltr'>interpreti</span> <span class='ocrx_word' id='word_1_271' title='bbox 762 4007 882 4089; x_wconf 87' lang='lat' dir='ltr'>pariter</span> <span class='ocrx_word' id='word_1_272' title='bbox 905 4007 1100 4084; x_wconf 90' lang='lat' dir='ltr'>distributis,</span> <span class='ocrx_word' id='word_1_273' title='bbox 1127 4009 1184 4091; x_wconf 90' lang='lat' dir='ltr'>qui</span> <span class='ocrx_word' id='word_1_274' title='bbox 1207 4009 1378 4093; x_wconf 84' lang='lat' dir='ltr'>ephymnio</span> <span class='ocrx_word' id='word_1_275' title='bbox 1401 4029 1415 4074; x_wconf 92' lang='lat' dir='ltr'>a</span> 
     </span>
     <span class='ocr_line' id='line_1_35' title="bbox 191 4110 1419 4181; baseline 0.003 -6"><span class='ocrx_word' id='word_1_276' title='bbox 191 4110 317 4178; x_wconf 90' lang='lat' dir='ltr'>duobus</span> <span class='ocrx_word' id='word_1_277' title='bbox 341 4115 444 4179; x_wconf 88' lang='lat' dir='ltr'>ohoris</span> <span class='ocrx_word' id='word_1_278' title='bbox 468 4115 596 4179; x_wconf 90' lang='lat' dir='ltr'>oantato</span> <span class='ocrx_word' id='word_1_279' title='bbox 619 4115 842 4178; x_wconf 88' lang='lat' dir='ltr'>terminantur.</span> <span class='ocrx_word' id='word_1_280' title='bbox 884 4115 1055 4179; x_wconf 86' lang='lat' dir='ltr'>Adamavit</span> <span class='ocrx_word' id='word_1_281' title='bbox 1078 4116 1156 4180; x_wconf 90' lang='lat' dir='ltr'>talia</span> <span class='ocrx_word' id='word_1_282' title='bbox 1179 4116 1330 4181; x_wconf 90' lang='lat' dir='ltr'>binorum</span> <span class='ocrx_word' id='word_1_283' title='bbox 1352 4135 1419 4181; x_wconf 82' lang='lat' dir='ltr'>ver-</span> 
     </span>
     <span class='ocr_line' id='line_1_36' title="bbox 192 4220 1418 4307; baseline 0.005 -27"><span class='ocrx_word' id='word_1_284' title='bbox 192 4235 291 4282; x_wconf 90' lang='lat' dir='ltr'>suum</span> <span class='ocrx_word' id='word_1_285' title='bbox 316 4220 499 4300; x_wconf 87' lang='lat' dir='ltr'>aequalium</span> <span class='ocrx_word' id='word_1_286' title='bbox 524 4222 701 4302; x_wconf 85' lang='lat' dir='ltr'>systemata</span> <span class='ocrx_word' id='word_1_287' title='bbox 726 4220 862 4304; x_wconf 88' lang='lat' dir='ltr'>Sappho,</span> <span class='ocrx_word' id='word_1_288' title='bbox 887 4240 967 4302; x_wconf 90' lang='lat' dir='ltr'>quae</span> <span class='ocrx_word' id='word_1_289' title='bbox 991 4221 1079 4286; x_wconf 90' lang='lat' dir='ltr'>libris</span> <span class='ocrx_word' id='word_1_290' title='bbox 1102 4222 1137 4286; x_wconf 88' lang='lat' dir='ltr'><strong>H</strong></span> <span class='ocrx_word' id='word_1_291' title='bbox 1160 4225 1193 4287; x_wconf 86' lang='lat' dir='ltr'>at</span> <span class='ocrx_word' id='word_1_292' title='bbox 1215 4223 1267 4286; x_wconf 89' lang='lat'>111</span> <span class='ocrx_word' id='word_1_293' title='bbox 1290 4225 1418 4307; x_wconf 87' lang='lat' dir='ltr'>postera</span> 
     </span>
    </p>
   </div>
   <div class='ocr_carea' id='block_1_5' title="bbox 0 0 1472 4741">
    <p class='ocr_par' dir='ltr' id='par_1_8' title="bbox 0 0 1472 4741">
     <span class='ocr_line' id='line_1_37' title="bbox 0 0 1472 4741; baseline 0 0"><span class='ocrx_word' id='word_1_294' title='bbox 0 0 1472 4741; x_wconf 95' lang='lat' dir='ltr'> </span> 
     </span>
    </p>
   </div>
  </div>
 </body>
</html>
