2928 4724
734 199 893 291 *aa—

203 387 389 466 cmicorum,
414 387 545 453 Ovidius
565 390 641 452 met.
661 387 742 450 ΧΙΠ
765 394 828 453 833
849 406 916 466 per
937 383 1164 464 rotundarum,
1188 387 1342 452 Horatius
1364 391 1421 454 sat.

202 495 237 560 H
261 503 289 572 3,
314 501 377 560 243
400 513 469 574 par
494 491 599 556 nobile
620 495 770 572 tratrem,
795 493 857 556 alii.
903 491 1047 556 Verbum
1070 495 1180 564 331313
1202 498 1247 557 eat
1275 513 1350 559 cum
1377 496 1421 559 in·

203 601 324 666 finitivo
347 601 471 683 generis
496 603 529 664 et
552 599 647 664 activi
670 601 703 663 et
724 599 843 682 passivi
872 599 1019 680 coniungi
1048 599 1127 663 satis
1150 601 1263 664 notum
1286 603 1337 666 est
1358 620 1421 666 ma·

204 707 286 772 xime
321 726 338 771 3
371 708 538 790 poetarum
571 724 634 770 usu
669 703 708 770 cf.
737 706 894 786 Dracger,
927 704 1014 768 Hist.
1051 701 1139 787 Sput.
1167 705 1225 770 11¹
1253 727 1282 789 p.
1307 715 1421 789 302sq.

204 815 240 878 Ε.
263 814 394 891 Hauler,
428 811 551 878 Arcbiv
572 811 630 893 febr
653 810 706 876 lat.
730 810 896 893 Laettopr.
923 812 974 875 IH
1008 832 1039 895 p.
1072 821 1190 895 537sq.
1239 813 1357 880 Hoerle
1387 815 1422 878 de

205 939 338 986 casuum
361 939 423 984 usu
445 919 650 1002 Propertiano
674 919 761 1002 (diss.
783 919 914 984 Helena.
939 919 1037 1002 1881)
1059 939 1090 1002 p.
1115 927 1165 985 39.

292 1029 398 1109 Atque
422 1026 462 1091 ad
486 1025 704 1092 catullianum
734 1026 838 1090 locum
861 1026 974 1090 idonea
997 1025 1097 1090 videri
1123 1028 1230 1108 potest
1253 1037 1328 1092 cnm
1350 1028 1423 1092 alio-

204 1137 372 1200 sumtum
394 1134 527 1198 Hauleri
549 1133 769 1215 interpretatio
793 1133 861 1197 3133
885 1132 1127 1198 constructionis
1158 1152 1214 1216 per
1239 1134 1342 1229 Clicet,
1372 1153 1423 1218 po·

204 1245 277 1320 test,
300 1229 555 1322 133νά1533333
582 1240 750 1323 descripta,
775 1255 971 1321 quamquam
994 1239 1061 1304 eius
1086 1240 1171 1322 origo
1195 1241 1293 1306 altius
1317 1243 1356 1306 ab
1379 1243 1423 1305 in-

204 1349 320 1414 finitivi
342 1350 459 1412 natura
482 1366 519 1412 ac
541 1347 573 1410 vi
594 1347 722 1430 propria
745 1346 918 1429 repetenda
941 1348 999 1423 est,
1028 1349 1065 1410 ut
1087 1347 1229 1410 omnium
1251 1349 1422 1424 33113333,

207 1474 288 1537 quae
322 1456 355 1519 in
390 1473 428 1519 33
462 1455 623 1518 structura
657 1472 673 1517 e
708 1455 849 1518 locorum
882 1452 1036 1517 vanetate
1063 1453 1211 1532 evadunt,
1243 1455 1338 1538 plena
1370 1456 1423 1519 fiet

206 1561 341 1643 cognitio
364 1563 397 1625 et
420 1560 606 1642 explanatio.
655 1558 717 1624 Sed
739 1561 820 1623 haec
841 1578 926 1623 nunc
950 1559 1124 1623 omittenda
1148 1563 1232 1624 sunt.

297 1666 358 1732 Sed
381 1667 536 1749 imprimis
560 1667 672 1748 aptum
696 1667 755 1730 est¹
768 1666 843 1730 huic
865 1667 933 1730 loco
956 1667 1146 1730 vocabulum
1169 1667 1300 1732 visendi.
1335 1667 1422 1748 Quod

206 1776 290 1840 enim
312 1774 407 1838 Fabri
436 1775 515 1838 bene
538 1773 662 1838 monuit
675 1795 677 1800 ’
690 1773 730 1837 ad
761 1772 891 1837 Sallust.
915 1772 1007 1838 Catil.
1032 1781 1089 1850 61,
1113 1780 1148 1850 8,
1177 1772 1279 1837 313333
1309 1774 1423 1856 signifi·

77 1907 81 1914 ⁴
207 1900 278 1946 care
302 1899 412 1945 curam
436 1880 596 1961 quandam
620 1898 657 1944 ac
679 1879 879 1960 diligentiam
902 1879 1074 1963 spectandi,
1104 1880 1137 1943 id
1159 1881 1327 1962 permultis
1350 1881 1423 1946 locis

207 1988 429 2070 comprobatur
451 1988 542 2051 velut
564 1986 644 2068 Nep.
666 1987 766 2050 Alcib.
791 1995 829 2051 6:
852 1990 945 2049 teuta
973 1985 1039 2066 fuit
1069 1986 1210 2050 omnium
1239 1987 1424 2068 asportatio

205 2093 330 2158 3133333·
352 2091 545 2170 nutstede,
569 2093 631 2157 Cic.
654 2093 746 2157 Taso.
768 2092 798 2154 V
824 2102 856 2169 3,
881 2101 899 2158 9
929 2093 967 2157 (13
990 2094 1090 2157 totius
1115 2093 1266 2158 Graecias
1296 2095 1422 2159 celebri·

206 2203 273 2266 tate
296 2201 330 2264 13
359 2199 443 2263 ludis
472 2201 565 2263 solita
593 2199 782 2280 significavit
811 2196 969 2279 quoddam
993 2219 1094 2279 peuus
1127 2219 1248 2278 eorum,
1282 2201 1339 2281 put
1370 2218 1424 2264 uec

202 2307 359 2388 plausum
382 2325 440 2368 333
464 2305 587 2368 tucrum
610 2310 813 2386 quaererent,
843 2305 899 2368 sed
921 2305 1044 2369 3133331
1072 2326 1173 2369 ceusu
1195 2307 1340 2370 ceuireut
1361 2311 1424 2370 stu

207 2413 353 2495 diosepue
373 2411 593 2494 perspicerent
615 2411 695 2492 quid
717 2415 862 2493 operetur
885 2416 914 2476 et
937 2431 998 2492 quo
1020 2411 1117 2476 modo.
1162 2413 1251 2477 Adde
1267 2414 1339 2478 Tac.
1356 2431 1424 2477 ann.

206 2519 325 2586 1154:
358 2522 452 2599 ctpue
481 2516 575 2580 illum
606 2518 661 2599 (ε
692 2517 929 2599 Germanicum)
959 2518 996 2581 iu
1024 2538 1167 2600 repressae
1194 2539 1289 2583 sacra
1318 2517 1424 2584 Samo

207 2626 352 2689 tbrcoum
374 2625 474 2688 uisere
503 2624 652 2688 uc'teutem
683 2623 765 2688 obuii
795 2623 960 2706 aquitoues
983 2623 1129 2705 depectere
1156 2628 1189 2690 et
1209 2626 1244 2690 Π
1267 2635 1326 2692 60:
1355 2645 1425 2691 3333

207 2732 283 2796 visit
305 2736 441 2796 veterum
462 2730 642 2798 sueborum
662 2751 780 2812 33933
802 2732 942 2812 33311913.
977 2732 1135 2796 Describit
1155 2734 1265 2797 autem
1283 2732 1424 2798 Schmidt

206 2838 337 2903 Heudb.
361 2837 548 2902 terlata.
576 2835 911 2920 preaesumpserit
942 2846 1026 2904 1889
1062 2859 1091 2921 p.
1117 2846 1180 2904 620
1193 2858 1240 2921 sq.
1266 2839 1423 2904 notionem

208 2947 275 3010 eius
304 2946 448 3010 vocabuli
477 2947 617 3029 primum
641 2947 702 3011 sic:
732 2945 885 3022 aeboueu,
917 2945 1073 3022 euseben,
1102 2965 1157 3009 um
1186 2945 1255 3010 sicb
1283 2966 1329 3010 33
1359 2947 1425 3010 dem

207 3051 344 3116 Aublc'olc
366 3071 407 3115 au
429 3053 592 3133 erfreuem
615 3053 727 3118 deinde
750 3051 883 3117 3333333
906 3056 938 3117 et
960 3051 1029 3116 sict
1051 3052 1257 3134 ertuude'peu.

296 3159 399 3239 Igitur
421 3159 609 3241 priusquam
628 3179 755 3225 carmen
772 3161 979 3224 amoebaeum
1001 3160 1108 3236 initur,
1132 3159 1247 3224 actioni
1269 3160 1331 3242 ipsi
1347 3177 1425 3241 quae

208 3263 370 3346 praecedit
391 3264 472 3328 nihil
494 3265 559 3329 iam
584 3266 688 3343 deest,
718 3267 780 3330 nisi
803 3269 840 3329 ut
864 3283 920 3348 par
943 3265 1030 3341 illud,
1054 3266 1143 3330 cuius
1168 3266 1209 3330 ad
1230 3265 1360 3348 nuptias
1384 3266 1425 3330 al·

208 3371 300 3434 terna
329 3370 470 3433 carmina
499 3371 677 3454 pertinent,
708 3373 814 3456 ipsum
845 3371 936 3436 adsit.
981 3372 1052 3436 Iam
1074 3373 1173 3453 igitur
1195 3372 1275 3436 illud
1298 3373 1333 3436 in
1357 3391 1425 3438 con·

210 3478 352 3559 spectum
377 3477 499 3542 venisse
523 3479 636 3559 puellis
659 3479 692 3541 in
716 3486 844 3544 versut
869 3479 997 3543 invenes
1021 3479 1196 3552 coniciunt;
1219 3479 1266 3542 ita
1288 3479 1424 3560 adventu

207 3581 345 3647 indicato
369 3584 419 3648 vel
441 3584 547 3665 potius
572 3585 886 3667 appropinquatione,
916 3585 970 3650 ubi
998 3586 1122 3667 puellae
1146 3585 1186 3650 ad
1210 3587 1372 3650 certamen
1394 3603 1424 3649 se

207 3691 402 3772 paraverunt
423 3709 450 3753 v.
476 3699 619 3766 11-14,
656 3690 802 3773 deinceps
826 3692 955 3755 iuvenes
980 3690 1118 3756 dicentes
1148 3693 1327 3756 extremum
1348 3691 1425 3756 illud

209 3794 331 3859 addunt
354 3794 392 3858 de
414 3795 529 3878 puellis
552 3797 586 3859 in
608 3817 636 3860 v.
662 3803 720 3862 18:

396 3899 513 3966 Dicere
536 3902 604 3964 iam
626 3901 790 3982 tuce’pe‘eut,
813 3902 881 3966 iou
903 3902 1090 3983 respondere
1113 3903 1236 3968 decebit

208 4008 338 4072 Puellae
368 4011 406 4072 ut
432 4009 607 4092 inciperent
637 4027 765 4073 carmen
795 4009 1001 4074 amoebaeum
1024 4014 1173 4093 exceptae
1196 4009 1308 4076 deinde
1339 4011 1426 4075 aiu·

209 4115 350 4191 venibus,
378 4118 473 4198 poeta
496 4115 664 4180 artificiose
689 4116 743 4181 sed
770 4115 955 4181 inaffectata
978 4119 1047 4182 arte
1071 4117 1181 4182 effecit.
1226 4117 1324 4182 Recte
1347 4117 1424 4182 illud

149 4227 152 4234 '
209 4237 335 4327 quoque
360 4220 583 4286 animadvertit
598 4212 701 4286 Bonin
724 4223 744 4284 l.
767 4231 911 4305 c.p.17:
936 4219 1002 4286 Dte
1017 4222 1112 4302 Hast,
1127 4223 1187 4287 mit
1201 4223 1257 4288 der
1272 4223 1325 4288 die
1347 4222 1423 4288 Vor-
