2934 4742
783 205 845 262 142

738 290 895 298 ——-—-—-

292 501 334 564 II.
369 499 525 566 Carminis
548 499 603 577 IX,
627 517 689 580 quo
706 498 854 564 Catullus
870 499 1048 565 Veranium
1069 502 1207 566 amicum
1223 522 1262 567 ex
1277 503 1437 588 Hispania
1460 527 1461 616 1

204 609 353 674 reducem
378 607 578 683 consalutat,
601 624 713 670 versus
745 606 842 689 primi
872 606 1011 688 quinque
1041 608 1075 672 irr
1105 607 1267 674 Schwabei
1298 611 1461 698 editione}

205 716 250 780 sio
272 715 482 797 praebentur:
1460 733 1461 736 ¹

392 819 524 896 Veraci,
549 818 694 883 omuibus
717 839 733 882 e
756 818 834 883 meis
857 819 972 883 amicis

381 926 555 991 Antistius
578 924 659 989 mm
681 923 812 989 mirleus
836 926 990 1004 cessate,

388 1032 553 1097 Venistine
576 1031 702 1096 minum
725 1031 771 1095 ad
791 1035 861 1096 tuos
881 1037 1013 1113 periotes

382 1139 580 1219 Fratresque
603 1139 776 1203 unanimos
798 1157 960 1220 unumque
982 1139 1143 1204 matrem?

340 1255 358 1313 5
391 1245 524 1310 Venisti.
548 1265 566 1310 o
589 1244 671 1309 mibi
692 1245 804 1309 nuntii
828 1243 931 1310 beuti!

205 1356 311 1420 Habet
336 1352 367 1419 G
388 1354 422 1417 in
444 1371 539 1416 versu
565 1361 581 1416 1
610 1339 669 1448 te³,
696 1350 722 1416 0
746 1353 861 1416 omisit.
910 1353 971 1418 Sed
995 1353 1074 1417 illud
1102 1345 1147 1448 te'
1174 1373 1278 1436 neque
1296 1374 1372 1420 cum
1388 1375 1437 1421 se-

207 1462 319 1545 quenti
340 1478 435 1524 versu
458 1459 618 1523 conciliari
639 1477 744 1540 neque
766 1478 823 1542 per
838 1460 926 1542 leges
951 1461 1105 1525 sermonis
1129 1464 1214 1526 stare
1237 1465 1354 1545 potest.
1389 1465 1437 1528 Ac

206 1568 347 1651 primunr
371 1565 500 1647 quidem
523 1584 561 1630 er
584 1566 730 1630 omnibns
754 1567 821 1631 suis
845 1566 956 1630 amicis
988 1566 1136 1632 Catullus
1166 1567 1344 1633 Veranium
1376 1571 1435 1634 sibi
1462 1639 1463 1654 χ

206 1675 226 1737 1.
250 1693 276 1738 e.
300 1692 317 1738 e
341 1692 398 1737 suo
420 1673 538 1736 iudicio
563 1673 596 1737 et
618 1674 783 1737 voluntate
808 1673 962 1737 antistare
989 1673 1119 1739 milibus
1150 1676 1302 1739 trecentis
1332 1675 1437 1740 dicere
1462 1663 1463 1672 ¹

206 1799 271 1845 non
294 1781 410 1863 potest.
456 1777 535 1858 Quis
571 1780 670 1856 enim,
705 1781 743 1843 ut
772 1779 810 1843 de
845 1780 945 1862 ipsius
981 1781 1158 1864 sententiae
1191 1781 1436 1865 importunitate

206 1888 287 1952 nihil
303 1903 556 1962 commemorem,
579 1886 706 1949 tentum
730 1886 768 1948 ut
790 1903 944 1966 magnum
962 1886 1135 1950 amicorum
1150 1905 1322 1952 numerum
1339 1889 1438 1970 signi-

205 1995 280 2059 ficet
309 1996 378 2060 tam
407 1995 515 2075 inepte
545 1993 596 2056 vel
626 1992 748 2056 tumide
783 2010 854 2056 cam
884 1992 1077 2058 locutionem
1107 1992 1256 2058 adbibere
1287 1995 1367 2058 velit
1395 1995 1437 2057 ad

209 2102 348 2167 amicum
372 2099 608 2181 alloquendum.
653 2099 735 2162 Tum
759 2118 831 2164 vero
854 2118 895 2164 ne
919 2117 957 2162 ex
987 2100 1132 2164 omnibus
1164 2099 1295 2180 quidem
1326 2101 1437 2165 amicis
1463 2149 1464 2174 ,

209 2209 367 2272 antistans
391 2225 460 2271 csse
483 2207 590 2289 potest
610 2205 779 2282 Veranius,
804 2206 878 2288 quia
901 2205 1077 2270 antistandi
1099 2206 1232 2272 verbum
1249 2225 1323 2271 oum
1345 2225 1437 2290 prae·

207 2315 363 2397 positione
396 2301 443 2409 ‘e’
474 2333 537 2377 non
568 2313 780 2389 construitur,
811 2312 896 2393 quod
926 2312 1091 2377 Baehrens
1125 2315 1211 2377 recte
1245 2315 1371 2378 monuit
1402 2314 1435 2378 iu

210 2428 599 2503 comm.p.112‚nequc
630 2419 758 2482 omnino
787 2420 917 2501 propter
945 2418 1120 2502 praefixum
1154 2407 1259 2512 ‘ants'
1294 2420 1436 2484 construi

211 2527 327 2610 potest.
361 2526 467 2590 Riesei
489 2526 596 2608 igitur,
621 2526 676 2607 qui
698 2525 773 2589 huic
796 2526 852 2588 uni
874 2526 941 2589 loco
957 2543 1029 2589 eam
1051 2526 1320 2590 constructionem
1342 2526 1438 2590 nimis

208 2632 384 2697 liberaliter
406 2632 570 2709 concessit,
595 2633 733 2696 alterum
757 2650 883 2714 quoque
914 2631 1090 2696 remedium
1118 2632 1168 2696 vel
1197 2634 1329 2714 propter
1355 2632 1439 2696 banc

208 2741 313 2823 ipsam
335 2741 440 2821 legem
462 2740 590 2803 irritum
614 2757 682 2803 esse
707 2738 809 2803 debet.
854 2738 939 2802 Nam
963 2739 990 2803 si
1023 2738 1124 2834 tmilia
1153 2726 1311 2802 trecentu'
1337 2739 1436 2802 nomi-

210 2850 337 2924 nantur,
361 2847 445 2910 certe
470 2846 560 2910 cuius
584 2845 630 2910 rei
662 2846 751 2928 copia
780 2844 976 2926 significetur
1008 2845 1081 2908 sciri
1110 2844 1204 2910 debet
1232 2863 1291 2909 nec
1320 2845 1436 2909 habere

208 2956 316 3038 potest
338 2953 371 3017 id
394 2952 584 3016 vocabulum
609 2953 738 3034 plenam
761 2954 794 3016 et
815 2952 936 3015 iustam
966 2951 1129 3015 notionem
1156 2950 1218 3014 nisi
1248 2950 1357 3015 addito
1387 2951 1436 3015 rel

210 3062 356 3144 suppleto
380 3059 534 3142 genetivo.
568 3057 674 3140 Negat
695 3057 727 3120 id
750 3057 853 3135 Riese,
877 3076 950 3122 curn
975 3043 1093 3154 tmilia‘
1119 3075 1177 3139 per
1200 3074 1233 3121 se
1257 3075 1351 3120 suam
1373 3057 1435 3120 rim

210 3168 327 3233 habere
351 3166 529 3243 contendit,
557 3184 621 3230 non
649 3164 779 3246 negavit
808 3163 951 3241 Pleiffer,
986 3183 1059 3228 cum
1093 3163 1128 3228 in
1158 3163 1290 3246 symbol.
1322 3163 1437 3229 Catuli.

210 3293 240 3356 p.
264 3282 304 3338 51
331 3273 369 3337 de
391 3273 521 3337 milibus
544 3271 694 3336 trecentis
722 3289 877 3354 passuum
907 3271 960 3334 hio
990 3271 1219 3352 interpretatus
1250 3271 1307 3334 est.
1354 3270 1435 3334 Nam

212 3380 296 3461 quod
311 3379 365 3442 ille
381 3379 421 3442 ad
437 3397 511 3442 eum
527 3397 622 3442 usum
639 3376 908 3460 comprobandum
924 3375 1017 3441 affert
1029 3375 1149 3441 Catulli
1161 3395 1186 3440 c.
1198 3375 1437 3442 XXXXVIII3

211 3503 311 3566 usque
334 3483 379 3548 ad
400 3482 495 3548 milio
511 3483 629 3548 basiem
644 3487 792 3561 trecectc,
815 3484 860 3548 ibi
882 3502 899 3548 e
922 3485 1017 3548 verbo
1039 3483 1185 3548 basiandi
1207 3481 1299 3546 facile
1323 3485 1358 3547 et
1374 3483 1437 3546 sine

212 3592 280 3656 ulla
301 3591 477 3672 legentium
507 3591 702 3656 dubitatione
736 3577 927 3687 ‘basiorum'
962 3590 1101 3673 suppleri
1130 3590 1229 3672 patet.
1274 3587 1438 3667 Quomodo

212 3698 297 3762 idem
313 3699 536 3780 comprobetur
551 3697 617 3761 loco
633 3697 808 3762 Horatiano
823 3698 857 3760 in
874 3699 933 3761 sat.
948 3697 983 3760 H
1008 3704 1037 3773 3,
1061 3703 1123 3762 116
1147 3714 1241 3761 nemo
1264 3695 1439 3778 intelleget.

213 3804 297 3886 Ergo
320 3804 353 3868 in
382 3822 478 3868 versu
505 3804 560 3868 illc
585 3803 706 3869 Catulli
733 3805 814 3868 nihil
846 3804 932 3868 aliud
966 3803 1029 3868 nisi
1062 3790 1264 3899 ‘amicornm’
1300 3801 1439 3886 suppleri

236 3913 326 3975 otest.
1005 3917 1007 3922 ’

213 3931 233 3994 p
302 4016 373 4081 Iam
396 4017 559 4081 Baehrens
584 4016 720 4080 maxime
745 4016 820 4098 quia
846 4013 873 4081 0
903 4015 985 4079 illud
1009 4002 1056 4112 ‘e'
1070 4106 1074 4112 Ι
1089 4014 1259 4103 omisisset,
1291 4015 1440 4095 quoniam

215 4124 395 4188 interiectio
418 4124 564 4188 inlibris
588 4142 651 4187 non
674 4141 746 4186 raro
769 4122 981 4198 omitteretur,
1005 4119 1207 4186 scribendum
1223 4137 1292 4184 esse
1314 4120 1442 4202 putarit

217 4229 378 4324 tomnibus
409 4248 426 4293 c
457 4230 537 4293 meis
568 4227 678 4293 amicis
709 4215 895 4292 antistans‘.
943 4226 1005 4292 Sed
1035 4226 1081 4291 sic
1107 4226 1259 4309 oppositio
1284 4226 1439 4307 quaedam
