2934 4742
713 177 871 266 332—

178 383 257 430 usus
281 365 340 440 est,
362 364 473 428 manet
495 363 604 427 tamen
620 362 701 426 illud
724 363 785 446 ipsi
800 365 912 446 poetae
934 363 1001 428 iam
1022 362 1116 443 longe
1140 362 1240 426 alium
1265 361 1401 426 animum

179 490 248 536 esee
272 473 370 553 atque
395 472 498 534 antea.
1181 547 1183 560 ἴ

267 576 351 641 Nam
375 575 416 640 ad
438 575 548 640 fratris
570 578 708 640 mortem
732 577 830 640 etiam
854 576 941 640 aliud
965 578 1158 654 accesserat,
1189 575 1276 656 quod
1300 574 1402 639 Catul-

178 685 248 750 lum
269 703 333 748 non
357 683 461 748 solum
485 701 504 746 a
529 672 678 778 ‘studiis’
703 683 859 764 prioribus
883 683 903 746 i.
927 702 954 746 e.
977 701 996 746 a
1020 682 1200 747 carminum
1221 682 1319 762 nugis
1346 681 1400 744 illis

179 793 213 856 et
234 790 403 855 levioribus
426 789 548 871 primae
572 789 807 860 adulescentiae
831 790 956 854 lusibus
980 790 1188 854 abstrahebat
1217 790 1250 852 et
1273 788 1314 852 ad
1336 806 1400 870 poe

179 898 229 962 sin
253 897 399 962 altiorem
421 914 560 976 veroque
591 896 689 960 animi
722 895 838 978 spiritu
860 896 1106 961 incalescentem
1129 895 1321 970 deducebat,
1351 893 1399 958 sed

179 1004 265 1086 quod
294 1002 391 1068 etiam
414 1001 533 1079 effecit,
563 1004 600 1066 ut
630 1003 658 1066 is
684 1002 803 1098 ‘omnis
828 1003 957 1067 delicias
981 990 1092 1066 animi'
1124 1002 1213 1086 prius
1245 1001 1398 1083 quaesitas

177 1110 221 1194 (v.
245 1109 300 1192 26)
330 1110 509 1173 toleres
540 1109 657 1173 amoris
688 1110 778 1174 lusus
809 1110 903 1190 longe
927 1109 1115 1192 depelleret,
1144 1109 1280 1173 Lesbiae
1311 1126 1398 1183 amor,

166 1235 260 1302 'quae
291 1235 366 1281 oum
398 1216 497 1280 semel
525 1215 654 1279 domina
676 1218 788 1298 poetae
811 1215 897 1280 facta
920 1217 1014 1293 esset,
1045 1217 1150 1280 totum
1173 1215 1241 1280 eius
1267 1214 1399 1278 animum

178 1323 326 1405 explebat
349 1325 446 1403 atque
463 1322 561 1387 etiam
577 1325 686 1404 spreta
708 1323 741 1385 in
764 1323 918 1386 memoria
941 1325 974 1386 et
997 1325 1104 1391 mente
1128 1323 1197 1386 elus
1220 1339 1286 1386 una
1309 1321 1399 1384 domi·

177 1429 326 1494 nabetur.
372 1428 471 1494 Cuius
502 1446 591 1492 amor
620 1431 732 1512 postea
763 1429 926 1512 depositus
954 1429 1089 1524 ‘expulit
1111 1446 1149 1493 en
1172 1428 1258 1492 omni
1280 1430 1398 1511 pectore

181 1524 347 1600 laetitia's'.

266 1748 349 1813 Hinc
384 1747 430 1811 ad
465 1748 615 1812 exitum
644 1748 833 1812 carminis
865 1747 922 1831 (π
945 1767 973 1810 v.
1005 1747 1206 1830 ree-160)
1239 1750 1397 1811 transenn-

178 1855 255 1920 dum
279 1857 338 1920 est.

266 1961 333 2026 Hos
365 1960 493 2042 quidem
523 1979 634 2024 versus
669 1961 709 2026 ab
738 1961 939 2026 antecedenti
972 1961 1073 2043 elegia
1105 1961 1139 2024 in
1167 1960 1246 2026 Allii
1278 1959 1396 2024 laudem

177 2067 263 2139 facta
285 2086 342 2151 per
365 2085 474 2132 rerum
497 2085 652 2132 conexum
676 2068 817 2150 separari
845 2085 909 2130 non
933 2085 1025 2150 posse
1048 2085 1142 2132 nemo
1164 2067 1310 2149 negavit,
1337 2066 1395 2129 sive

177 2174 263 2238 illius
287 2175 413 2256 partem
437 2191 507 2238 esse
531 2173 611 2237 dixit
626 2174 693 2238 sive
710 2175 893 2256 epistolium
916 2173 964 2238 illi
988 2173 1133 2238 additum
1157 2174 1223 2238 sive
1248 2173 1396 2256 epilogum

178 2280 318 2361 aliquem
342 2281 441 2344 totius
466 2280 623 2344 carminis

265 2389 371 2467 Atque
396 2386 428 2450 in
452 2387 502 2450 his
526 2386 670 2452 versibus
695 2389 786 2450 tanta
809 2406 825 2451 e
848 2387 997 2451 medullis
1021 2387 1137 2452 amoris
1161 2387 1208 2450 vis
1233 2384 1394 2450 et·vcritas

177 2493 364 2577 prorumpit,
389 2495 509 2575 quanta
533 2493 632 2557 semel
656 2496 784 2559 tantum
807 2495 841 2557 in
864 2494 930 2558 vita
960 2496 1029 2558 tam
1051 2494 1138 2558 brevi
1161 2495 1292 2576 poetam
1314 2510 1396 2556 occu·

177 2600 274 2683 pavit,
298 2601 336 2662 ut
357 2600 409 2664 hic
433 2601 495 2664 alia
518 2600 607 2664 nulla
630 2601 739 2682 puella
762 2601 932 2682 significari
955 2601 1064 2682 possit,
1086 2599 1149 2664 nisi
1172 2599 1228 2664 illa
1252 2599 1395 2680 adquam

178 2706 279 2788 elegia
301 2706 448 2788 pertinet.
493 2707 582 2771 Haec
598 2709 707 2771 autem
724 2708 825 2789 elegia
847 2707 952 2772 felicia
976 2711 1008 2771 et
1030 2706 1172 2771 infausta
1196 2707 1264 2770 eius
1288 2704 1394 2770 amoris

176 2813 268 2878 initia
298 2833 372 2877 cum
401 2813 490 2877 varia
520 2813 693 2878 affectuum
723 2817 755 2878 et
786 2815 1018 2896 cogitationum
1045 2813 1252 2878 fluctuatione
1280 2810 1394 2895 aperuit

177 2922 294 2984 Artum
325 2922 434 2985 autem
466 2938 534 2984 csse
557 2921 674 2984 harum
697 2921 837 3002 partium
861 2940 1014 2986 conexum
1038 2921 1147 2984 statim
1172 2919 1303 2984 denotat
1323 2915 1394 2981 illud

176 3025 210 3088 in
232 3026 384 3109 principio
414 3027 533 3109 epilogi
556 3027 597 3109 (v.
624 3026 700 3109 149)
723 3027 863 3109 positum
896 3028 970 3122 ‘hoc
993 3076 1021 3091 ..
1046 3014 1190 3102 munus'‚
1222 3045 1283 3108 quo
1312 3040 1394 3088 voco·

176 3131 252 3196 bulo
276 3133 373 3196 etiam
398 3151 479 3214 quae
503 3133 663 3216 inprime
686 3136 776 3216 parte
799 3134 1007 3198 nominantur
1032 3120 1192 3228 ‘munera'
1220 3132 1319 3196 amico
1345 3129 1394 3192 tri·

176 3238 303 3302 buenda
326 3239 368 3321 (v.
393 3239 447 3321 32)
471 3239 574 3305 denuo
598 3243 786 3322 tanguntur.

267 3343 389 3408 Versus
414 3348 522 3410 autem
549 3355 723 3412 149-152
748 3347 793 3410 sio
816 3346 943 3411 exhibet
967 3345 1129 3412 Schwabci
1151 3347 1274 3410 tentus:

356 3450 427 3515 Hoc
450 3450 509 3516 tibi
531 3451 618 3532 quod
633 3453 730 3533 potui
752 3451 925 3535 confectum
949 3453 1091 3518 cccme‘cc
1113 3471 1232 3516 munus

399 3555 466 3622 Pro
488 3556 607 3635 multis,
631 3557 712 3636 Alli,
735 3558 884 3623 redditur
905 3559 1031 3640 officiis,

356 3662 407 3728 Ne
428 3669 568 3728 cestrum
589 3664 704 3728 scabro
726 3669 838 3746 tcaput
860 3665 1007 3748 corbegiae
1029 3685 1142 3730 uomere

400 3769 491 3835 Haec
514 3776 611 3852 atque
634 3769 695 3835 illc
718 3772 786 3836 dies
809 3776 905 3852 utque
928 3770 999 3836 clia
1022 3777 1117 3854 utque
1140 3771 1219 3835 clio.

179 3876 241 3941 Sed
266 3877 341 3959 quid
365 3897 451 3942 nunc
474 3879 533 3942 sibi
556 3879 627 3944 uult
650 3879 682 3941 in
705 3885 815 3946 ulto
838 3879 933 3961 vulgo
957 3880 1121 3961 receptum
1144 3897 1262 3943 nomen
1287 3861 1390 3974 ‘Alli’l

178 3983 262 4064 quod
285 3984 479 4050 Baehrensio
513 3988 582 4049 tam
612 3988 737 4071 eertum
766 3986 948 4063 videbatur,
983 3987 1080 4050 utin
1110 3985 1333 4050 commentario
1357 3997 1389 4043 ne

177 4093 440 4157 commemoraret
474 4091 602 4174 quidem
634 4091 749 4156 codicis
780 4091 810 4154 V
844 4092 1015 4157 lectionem
1052 4079 1162 4188 taliis‘‚
1197 4110 1295 4174 quam
1326 4086 1390 4154 Itali

176 4196 385 4260 mutaverunt
406 4199 440 4260 in
460 4216 576 4262 nomen
594 4184 736 4292 ‘Manliss
760 4195 901 4278 Scaliger
928 4186 1031 4293 ‘Adit
1061 4199 1207 4264 Primum
1230 4199 1264 4263 id
1285 4197 1390 4264 falsum
