2928 4724
549 155 551 160 ’
595 198 753 290 Aa„

55 407 119 470 que
144 387 224 451 dixit
247 387 308 470 (op.
331 386 365 450 Π
388 407 417 469 p.
441 387 532 470 460),
555 387 640 450 idem
662 386 714 450 hio
738 387 852 450 valeat.
897 387 936 450 In
959 388 1019 452 hoc
1042 390 1127 455 enim
1149 392 1288 457 carmine

56 493 155 589 ‘nihil
176 493 223 569 fit,
255 493 332 574 quin
354 492 423 556 fieri
447 492 543 556 simul
564 491 722 556 indicetur
746 480 915 556 oratione'.
962 492 1115 575 Sequitur
1137 499 1208 562 tum
1229 498 1289 581 hy-

51 617 210 664 menaeus
235 599 300 664 sive
323 617 453 663 carmen
476 599 691 675 amoebaeum,
714 599 748 661 in
772 599 961 681 quo-tribus
985 602 1189 684 stropharum
1204 605 1289 687 pari·

51 709 116 772 bus
142 706 205 771 duc
229 707 316 770 chori
339 706 514 770 contrarios
537 706 621 770 inter
644 725 678 770 se
695 708 809 770 cantus
833 709 1001 787 tamquam
1023 707 1188 789 litigantes
1204 730 1289 776 com-

50 815 203 889 mittunt,
226 812 312 876 utin
330 831 375 888 ec,
399 811 610 893 quodcunque
627 813 719 893 queri
734 812 786 876 vel
801 813 948 876 incusare
964 814 1089 896 puellae
1106 822 1287 899 coeperunt,

48 922 125 1004 pari
153 925 187 984 et
217 919 363 983 omnibus
392 919 537 1001 portibus
564 919 611 982 illi
634 920 744 983 cantui
774 937 811 984 ex
841 938 942 1001 aequo
971 921 1116 1002 opposita
1146 925 1287 989 cratone

49 1028 188 1092 laudare
219 1026 269 1090 vel
298 1025 488 1107 redarguere
517 1027 647 1090 iuvenes
688 1027 748 1090 sibi
777 1027 1007 1109 proposuerint.
1061 1027 1128 1092 Nec
1161 1030 1286 1112 longius

49 1136 264 1199 arcessuntur
293 1151 361 1208 rea,
391 1132 430 1196 de
460 1133 574 1213 quibus
598 1132 760 1213 litigatur,
790 1133 845 1197 sed
875 1133 915 1197 ad
940 1133 1177 1216 simplicitatem
1201 1137 1285 1201 vitae

48 1241 196 1304 rusticae
227 1241 260 1303 et
287 1239 328 1302 ad
356 1237 543 1321 nuptiarum
568 1241 733 1320 vulgatam
758 1240 1021 1304 consuetudinem
1044 1242 1219 1323 pertinent,
1244 1242 1285 1307 ad

47 1365 242 1430 vesperum,
266 1346 306 1409 ad
328 1349 472 1421 noctem,
496 1347 537 1409 ad
560 1349 685 1410 castum
709 1347 834 1428 puellae
857 1345 984 1424 florem,
1008 1347 1144 1429 denique
1167 1350 1200 1412 in
1222 1349 1285 1415 fine

48 1453 207 1518 carminis
231 1454 270 1518 ab
293 1453 455 1533 utrisque,
485 1453 539 1534 qui
571 1455 665 1516 antea
687 1452 813 1516 diversa
843 1454 1008 1518 voluntate
1033 1453 1178 1518 distracti
1200 1455 1286 1520 vide-

46 1562 189 1636 bantur,
215 1559 248 1622 id
279 1562 440 1624 certamen
472 1559 617 1624 concordi
641 1578 737 1624 sensu
761 1561 975 1642 componitur,
1004 1561 1082 1624 dum
1105 1562 1228 1644 puellae
1252 1567 1285 1628 et

46 1667 186 1732 iuvenes
209 1667 365 1746 virginem
387 1665 426 1729 de
450 1665 632 1746 virginitate
656 1666 773 1729 marito
798 1666 904 1729 debita
927 1666 1147 1731 adhortantur.

142 1773 197 1836 Ita
219 1791 276 1855 per
299 1791 407 1836 omnes
430 1775 539 1854 partes
555 1773 681 1836 nullum
698 1774 803 1836 exstat
825 1773 1006 1854 vestigium,
1030 1773 1114 1837 unde
1132 1779 1284 1858 appareat

48 1883 166 1946 choros
191 1880 262 1944 illos
293 1881 420 1943 cnloco
452 1897 509 1942 suo
534 1897 567 1943 se
591 1880 799 1944 commovisse
824 1881 881 1942 aut
904 1879 1057 1943 maritum
1086 1900 1158 1944 curn
1182 1884 1284 1964 nupta

47 1990 88 2053 ab
127 2005 197 2051 nna
227 1986 318 2049 domo
350 1985 390 2049 ad
421 1986 557 2050 alteram
585 1987 752 2050 comitatos
777 2005 862 2062 esse,
897 1986 980 2066 quod
1014 1987 1092 2051 item
1127 1988 1284 2053 intellexit

45 2096 159 2160 Bonin
183 2095 203 2156 l.
228 2113 252 2157 c.
275 2113 306 2176 p.
330 2100 367 2167 8;
403 2093 487 2156 sicut
518 2093 551 2156 id
584 2093 712 2174 quidem
742 2094 776 2155 in
803 2093 979 2174 hymenaeo
1013 2094 1067 2157 illo
1100 2094 1152 2170 fit,
1187 2114 1283 2176 quem

45 2204 214 2267 Homerus
229 2201 385 2264 memorat
400 2203 429 2261 Σ
443 2205 627 2275 aer-496,
652 2199 705 2263 ubi
731 2217 820 2292 ‘cum
843 2200 1057 2282 compluribus
1082 2201 1178 2265 simul
1193 2203 1281 2266 urbis

46 2310 130 2373 locis
154 2307 286 2396 nuptiae
311 2309 466 2388 agantur,
498 2305 600 2381 πολὺς
623 2302 773 2387 ὑμέναιος
796 2305 984 2389 (collective)
1008 2307 1109 2370 oritur
1132 2309 1165 2371 et
1187 2305 1282 2373 αὐλοὶ

46 2411 232 2504 φόρμιγγές
254 2435 289 2476 τε
310 2413 387 2500 βοὴν
410 2399 548 2492 &boacas
575 2412 626 2496 (cs.
649 2413 684 2475 ll.
709 2411 791 2476 (irai
811 2412 849 2476 de
867 2411 1061 2478 Graecorum
1084 2416 1230 2478 veterum
1245 2434 1279 2478 re

46 2523 178 2587 musica
193 2541 221 2603 p.
237 2519 302 2602 44).
340 2519 443 2583 Immo
466 2537 578 2584 versus
596 2528 613 2584 9
638 2522 723 2583 recte
741 2520 923 2601 explicatus
945 2519 997 2603 (cf.
1013 2539 1110 2602 supra
1124 2541 1154 2603 p.
1172 2528 1212 2586 33
1221 2522 1281 2604 sq.)

46 2629 254 2694 demonstrat
284 2627 461 2708 exspectari
493 2627 532 2690 ab
556 2627 702 2708 utrisque
725 2645 783 2708 per
807 2627 979 2708 caespitem
1001 2626 1048 2690 ita
1072 2626 1210 2704 diffusis,
1241 2632 1280 2690 ut

47 2738 89 2801 ab
106 2752 176 2798 una
190 2736 280 2817 parte
295 2733 420 2815 puellae
445 2734 486 2797 ab
501 2735 603 2798 altera
623 2734 754 2797 iuvenes
778 2734 854 2796 locis
877 2732 1044 2796 disiunctis
1069 2732 1281 2811 discumbant,

46 2843 208 2908 maritum
231 2858 361 2904 uxorem
376 2840 507 2904 domum
531 2859 623 2904 suam
646 2839 864 2915 deducentem,
888 2839 972 2920 quod
992 2857 1050 2922 par
1066 2859 1139 2902 cum
1155 2841 1280 2922 puellae

46 2949 282 3031 conspexerint,
306 2949 421 3018 cantus
446 2950 609 3011 certamen
630 2947 801 3029 incipiunt3
830 2945 942 3010 deinde
965 2947 1049 3009 inter
1078 2947 1183 3028 ipsum
1207 2963 1281 3009 oan-

46 3061 123 3121 tum
159 3074 217 3136 par
252 3055 501 3136 appropinquat;
537 3053 673 3134 denique
706 3054 762 3116 ubi
791 3054 824 3116 in
854 3053 959 3116 locum
989 3051 1134 3129 advenit,
1165 3055 1278 3116 cantus

45 3163 152 3246 ipsius
176 3160 306 3242 virginis
331 3161 519 3224 allocutione
544 3163 617 3242 apte
641 3160 810 3224 clauditur.

143 3267 345 3332 Cenaverunt
365 3267 465 3349 igitur
487 3268 578 3349 pueri
601 3267 790 3349 puellaeque
813 3285 877 3329 non
899 3265 933 3328 in
955 3266 1031 3329 novi
1053 3266 1161 3329 mariti
1176 3265 1278 3342 domo,

46 3376 107 3441 sed
139 3377 214 3438 ante
244 3374 391 3448 domum;
429 3391 505 3437 nam
535 3374 573 3438 de
602 3392 703 3438 novae
733 3376 855 3456 nuptae
878 3373 971 3437 domo
994 3375 1128 3456 paterna
1152 3374 1278 3437 omnino

46 3482 188 3564 cogitari
210 3501 274 3546 non
296 3483 410 3564 potest.
456 3479 527 3544 Iam
551 3481 578 3543 si
599 3480 695 3545 fidem
719 3480 874 3545 habemus
899 3479 1099 3562 quorundam
1114 3480 1278 3544 doctorum

46 3589 188 3670 argutiis
211 3587 427 3651 dictitantium
451 3588 537 3668 apud
560 3586 698 3651 Graecos
723 3605 835 3650 cenam
858 3588 1045 3669 nuptialem,
1069 3587 1160 3650 cuius
1182 3587 1278 3650 mari-

45 3701 104 3761 tus
137 3697 170 3758 et
199 3696 301 3780 nupta
330 3693 501 3776 participes
532 3695 652 3770 essent,
688 3694 721 3756 in
749 3711 850 3758 novae
877 3696 998 3776 nuptae
1022 3693 1114 3758 domo
1143 3695 1278 3775 patema

45 3804 157 3866 locum
180 3819 278 3864 suum
302 3800 452 3864 babuisse
477 3802 509 3864 et
532 3801 685 3864 maritum
708 3802 741 3863 in
765 3801 991 3864 deducentium
1014 3818 1146 3863 numero
1169 3800 1277 3876 fuisse,

46 3925 163 3971 rursus
199 3905 282 3989 apud
305 3905 465 3972 Romanos
497 3925 516 3970 a
543 3926 623 3971 novo
657 3909 772 3970 marito
808 3907 893 3972 domi
927 3908 1026 3990 ipsius
1062 3908 1277 3987 exspectatam

47 4013 149 4078 fuisse
173 4013 336 4094 virginem,
361 4013 445 4094 quod
469 4016 622 4097 appareat
637 4033 763 4095 quoque
788 4013 1076 4093 ec.LX1171sq.
1100 4011 1138 4076 of.
1160 4011 1276 4076 Baehr.

48 4139 172 4197 comm,
194 4119 254 4184 hoo
270 4121 391 4186 Catulli
407 4139 535 4185 carmen
555 4139 614 4184 neo
630 4121 670 4184 ad
692 4121 765 4185 illos
788 4121 928 4203 pertinet
950 4138 1010 4184 nec
1033 4118 1072 4182 ad
1096 4119 1169 4193 hos;
1193 4119 1275 4182 utris

47 4227 148 4310 igitur
179 4227 341 4304 convenit,
370 4228 520 4309 quoniam
549 4227 658 4291 alteris
688 4228 770 4291 utris
800 4227 965 4291 convenire
996 4225 1113 4290 debet?
1159 4228 1206 4289 Ac
1236 4224 1275 4288 de
