2934 4742
573 232 732 324 Α

31 415 407 500 Hocleaciispedrductca
429 424 607 500 acceparat.
653 421 738 502 llrgo
762 421 935 486 tesserulae
967 420 1123 500 quasdam
1154 421 1271 486 vermi-

32 527 165 589 culatas
189 525 274 590 inter
296 543 330 589 se
354 526 540 590 commissas
562 527 616 590 ille
640 527 749 604 cernit,
774 545 855 608 quae
879 527 959 590 nihil
984 527 1071 590 aliud
1094 529 1273 610 praebeant

31 633 100 695 nisi
126 631 265 713 effigiem
296 632 457 712 quandam
487 633 630 697 eiusdem
659 634 706 698 rei
735 633 890 715 repetitae
918 633 1074 697 coloribus
1103 633 1272 698 variatam.

34 738 103 802 Sed
128 757 203 804 vore
228 738 338 802 adesse
360 738 501 821 primum
525 740 682 803 actionem
705 739 837 822 pulchre
862 741 895 802 et
923 739 1072 803 distincte
1095 739 1271 804 indicatam

32 846 117 928 ipsis
143 845 311 926 agentium
333 845 453 922 verbis,
476 845 589 910 deiude
612 846 718 927 ipsum
741 846 955 928 hymenaeum
984 846 1032 908 ita
1061 845 1203 923 institui,
1233 847 1275 910 ut

37 953 79 1015 ab
104 952 199 1015 initio
223 951 399 1028 artificiose,
423 952 478 1016 sed
502 952 570 1016 sine
593 952 661 1016 ulla
683 952 835 1016 violentia
858 953 986 1034 sumpto
1015 971 1183 1034 processus
1214 953 1272 1016 ali·

35 1059 111 1139 quis
135 1058 196 1121 fiat
219 1058 451 1121 sententiarum
473 1058 554 1122 lanis
578 1059 748 1138 suavisque
774 1060 946 1140 augmenta
970 1077 1029 1122 sna
1045 1059 1199 1141 recipiens
1231 1059 1273 1123 ab

32 1166 141 1248 ipsius
166 1164 300 1228 actionis
323 1183 501 1247 progressu,
525 1164 661 1244 denique
684 1167 722 1228 ut
746 1168 908 1229 certamen
930 1166 1023 1247 plene
1040 1168 1072 1228 et
1088 1167 1161 1247 apte
1186 1183 1274 1228 corn·

33 1273 188 1353 ponatur,
211 1270 245 1334 id
267 1271 306 1334 iis
331 1289 413 1351 quae
441 1288 538 1353 supra
566 1271 802 1354 disputavimus
833 1270 981 1335 effectum
1011 1289 1080 1336 esso
1108 1274 1273 1354 putamus.

32 1378 154 1459 Itaque
179 1377 332 1458 quoniam
355 1380 430 1460 apta
453 1381 530 1441 sunt
553 1379 659 1442 omnia
682 1381 715 1441 et
736 1378 820 1442 inter
844 1397 877 1442 sc
901 1397 1026 1455 conexa,
1049 1381 1272 1459 utnusquam

34 1485 107 1548 hiet
131 1503 195 1548 neo
218 1484 300 1548 actio
323 1502 382 1548 nec
405 1485 638 1548 sententiarum
661 1485 760 1549 series
783 1485 952 1566 omniaque
985 1485 1133 1549 continuo
1163 1485 1274 1549 ordine

36 1593 70 1655 et
99 1609 277 1673 progressu
307 1590 518 1672 explicentur,
552 1592 617 1654 tale
651 1609 766 1673 poema
794 1611 858 1655 non
893 1595 1060 1673 tamquam
1095 1610 1111 1654 e
1141 1591 1274 1656 floribus

36 1698 116 1761 hinc
151 1699 251 1778 atque
281 1697 369 1761 illinc
399 1697 556 1780 decerptis
586 1698 755 1762 collectum
785 1716 854 1761 esse
883 1700 1003 1780 potest,
1032 1699 1087 1762 sed
1118 1699 1274 1780 singulari

37 1805 150 1885 aliquo
175 1803 306 1866 consilio
330 1805 480 1884 certaque
504 1806 572 1868 arte
603 1805 814 1886 compositum
843 1823 859 1868 e
890 1805 1035 1887 partibus
1065 1808 1183 1868 natura
1213 1823 1272 1868 sua

37 1909 204 1974 continuis
229 1910 373 1972 constare
397 1909 499 1974 debet.

134 2015 198 2080 Sed
229 2015 307 2096 quid
338 2015 446 2079 deesse
476 2016 592 2080 dicitur
625 2018 700 2080 hnic
733 2017 896 2099 poemati?
948 2015 1089 2080 chocca
1117 2017 1179 2080 coir
1210 2035 1275 2080 aas

36 2121 224 2199 perstatim,
248 2121 324 2184 dass
346 2121 398 2184 dic
420 2121 613 2203 Hymaadea
635 2123 691 2187 der
716 2121 846 2202 Sappho
869 2142 902 2186 so
926 2121 1008 2186 aller
1040 2122 1276 2188 iadicidaellca

37 2231 134 2312 Ziiyc
156 2230 218 2293 bar
238 2247 377 2309 percaeca
399 2229 486 2292 aeica
516 2231 585 2293 aad
613 2230 701 2293 aicit
727 2229 879 2293 oieimeler
909 2228 1077 2310 jedcsmol,
1108 2229 1272 2312 1161110196-

37 2338 141 2418 rusca
171 2335 272 2399 durch
308 2335 360 2398 die
389 2323 653 2417 'Vermoaampea
688 2336 776 2400 ilorci
808 2335 1009 2400 aaiireicliea
1038 2334 1277 2400 Frcccdiaaere

37 2480 82 2490 —
107 2443 172 2508 wic
196 2441 247 2505 die
262 2441 500 2506 Pindarisclaec
514 2441 695 2521 Epioikion
718 2441 817 2506 durch
841 2442 893 2505 dic
906 2440 997 2523 Sieqe
1020 2441 1077 2506 dci
1099 2462 1139 2507 aa
1153 2443 1274 2523 sciera-

40 2551 103 2615 deri
130 2548 258 2612 Heldca
281 2585 323 2596 -
346 2549 406 2612 mit
435 2549 507 2612 reia
530 2548 752 2628 persdaliciea
781 2548 1017 2630 Aadeutaapea
1043 2549 1130 2612 reici
1161 2569 1276 2630 cospe-

38 2660 152 2721 stattet
174 2654 308 2719 wareo?
356 2655 418 2720 Sed
447 2657 654 2720 temerarium
686 2659 735 2720 est
765 2657 816 2720 vel
846 2657 954 2738 potius
986 2656 1160 2720 absurdum
1191 2657 1276 2721 hanc

40 2785 118 2829 cum
147 2763 203 2826 illo
237 2762 289 2826 ita
319 2781 510 2845 comparare.
565 2761 627 2840 qni
662 2763 699 2826 de
740 2763 925 2826 Pindaricae
961 2763 1065 2845 poesis
1100 2762 1204 2826 indole
1242 2765 1278 2827 et

40 2870 228 2936 condicione
252 2869 374 2933 edoceri
404 2870 526 2952 cupiat,
555 2869 583 2932 is
612 2869 705 2932 adeat
728 2869 960 2933 Wilamovvitzii
990 2870 1276 2934 commentationes

41 2978 79 3042 de
113 2977 214 3058 Isyllo
244 2979 277 3040 et
300 2977 338 3040 de
361 2976 513 3058 Euripide
537 2977 751 3059 amplissimae
775 2979 807 3040 et
831 2976 1086 3056 elegantissimae
1110 2976 1276 3040 doctrinae

40 3086 168 3168 plenas.
200 3082 271 3146 Iam
296 3086 333 3146 ut
353 3082 480 3165 Sappho
503 3083 677 3146 domestica
701 3102 759 3146 sua
783 3083 917 3147 dialecto
940 3083 1051 3159 utitur,
1075 3085 1186 3146 contra
1199 3083 1274 3146 Pin·

44 3193 146 3256 darus
171 3190 311 3253 Boeotus
336 3190 437 3253 alieno
462 3193 495 3253 et
525 3190 691 3254 artificiose
722 3191 894 3272 composito
925 3207 1082 3266 sermone,
1110 3190 1189 3254 item
1219 3190 1276 3254 illa

42 3298 84 3361 ad
109 3297 313 3380 popularium
337 3296 601 3361 consuetudinem
623 3315 791 3378 moresque
816 3297 848 3360 et
877 3296 911 3358 in
939 3297 1054 3358 horum
1081 3315 1177 3360 usum
1207 3315 1279 3360 oar·

42 3405 136 3467 mina
162 3403 286 3479 scribit,
309 3403 405 3466 huius
428 3403 532 3485 poesis
563 3402 602 3466 ad
634 3421 760 3466 omnem
792 3402 945 3466 Graeciae
975 3403 1175 3467 nobilitatem
1203 3411 1277 3486 pe‘r-

42 3512 137 3574 tinet.
173 3509 258 3573 Huic
272 3511 371 3590 igitur
387 3510 593 3573 conveniebat
608 3509 646 3572 de
663 3509 828 3585 victorum,
853 3528 931 3589 quos
948 3509 1137 3586 celebrabat,
1160 3529 1277 3592 genere

45 3619 155 3682 dicere
179 3617 213 3679 in
236 3635 409 3697 eorumque
433 3616 527 3680 lande
552 3617 648 3679 simul
670 3616 807 3679 maiores
831 3617 997 3696 totamque
1028 3619 1155 3697 gentem
1185 3633 1278 3698 prae-

43 3725 162 3788 dicere.
208 3723 344 3788 Prorsus
368 3725 430 3787 alia
454 3725 504 3786 est
528 3722 674 3805 Sapphus
699 3722 846 3786 condicio.

138 3829 292 3908 Quamvis
317 3831 402 3895 enim
431 3830 546 3893 misere
577 3831 717 3892 lacerata
746 3829 926 3910 fragmenta
957 3832 1085 3892 tantum
1115 3828 1280 3910 supersint

46 3956 83 4000 ex
108 3937 179 4001 eins
204 3937 405 4012 carminibus,
428 3936 507 3999 illud
532 3936 720 4000 contendere
744 3937 819 3999 licet
841 3936 944 4018 poesis
970 3916 1144 4018 Sapphicae
1173 3937 1279 3998 mate·

46 4045 147 4120 riam,
170 4044 205 4107 in
229 4062 294 4124 qua
325 4043 427 4106 omnis
459 4043 597 4124 poetriae
629 4061 680 4106 ars
709 4046 869 4118 versetur,
899 4061 961 4105 non
992 4043 1136 4105 constare
1166 4060 1276 4105 rerum

47 4152 212 4214 variarum
236 4153 269 4214 et
291 4150 518 4232 multiplicium
541 4149 648 4232 copia,
671 4150 815 4213 velutin
838 4150 933 4212 variis
958 4149 1111 4228 cuiusque
1138 4147 1279 4211 fortunis

48 4257 334 4323 commemorandis
360 4262 392 4321 et
415 4256 638 4334 describendis,
662 4257 717 4320 sed
740 4257 773 4319 in
795 4275 970 4339 paucarum
993 4274 1100 4320 rerum
1123 4255 1211 4320 varia
1244 4259 1281 4320 et
