2928 4724
609 190 767 280 Α

69 379 225 442 natnram
256 378 418 459 sequentis
450 377 676 459 reddentisque
700 379 734 443 et
756 378 970 443 sententiosas
1000 377 1066 442 sive
1090 395 1204 442 sensus
1228 395 1302 442 sues

69 484 106 547 in
129 485 233 567 ipsam
256 503 364 549 rerum
386 486 538 548 naturam
554 501 628 548 cnm
652 482 768 548 affectu
791 483 985 548 insinuantis
1008 481 1303 564 transferentisqne.

71 589 139 655 Sed
163 590 328 664 Catullus,
358 591 391 654 in
415 609 477 672 quc
500 590 604 654 Benin
628 591 648 654 l.
672 609 697 654 c.
720 589 847 671 manige
869 589 1022 672 Hispane
1051 609 1096 654 aa
1119 589 1171 654 die
1193 589 1305 654 Natus

69 697 182 762 videre
205 698 266 762 sibi
288 697 466 775 videbatur,
488 697 576 761 nullo
600 697 695 762 verbo
718 697 822 780 ipsam
845 699 980 762 naturae
1005 697 1144 780 speciem
1168 700 1200 761 et
1222 694 1304 762 veri-

4 791 6 838 *
68 806 185 881 tatem,
202 821 298 886 quam
314 803 461 879 reddidit,
477 803 725 886 supergreditur,
750 803 833 884 quod
849 804 956 887 ipsum
970 803 1107 868 manime
1123 802 1176 869 hie
1190 821 1303 868 versus

68 911 144 993 (55)
159 910 273 993 prodit,
296 928 399 990 neque
417 909 480 974 alia
502 905 564 973 nisi
580 928 656 974 uera
679 913 712 974 et
727 910 870 992 proxima
893 912 1023 991 atquae
1040 910 1211 991 unicuique
1226 904 1304 974 nota

68 1019 150 1082 sunt
166 1016 257 1081 suavi
273 1016 413 1081 credone
435 1017 548 1097 tangit,
572 1019 610 1080 ut
626 1035 664 1081 ea
678 1017 785 1098 image
800 1033 863 1081 non
878 1016 1092 1081 Alexandrina
1108 1035 1176 1081 esse
1192 1016 1303 1098 pessit,

68 1123 128 1188 sed
148 1124 288 1206 poetriae
307 1123 440 1188 Lesbiae
458 1123 600 1188 indolem
620 1126 653 1187 st
671 1124 807 1198 colorem
819 1141 895 1206 prae
915 1142 948 1188 se
961 1123 1051 1188 terat.
1086 1122 1198 1203 Neque
1212 1121 1303 1204 qnid·

68 1248 172 1312 quam
195 1230 332 1312 amplius
348 1230 377 1294 ei
393 1230 564 1313 suspicioni
579 1248 757 1313 repugnare
774 1230 956 1294 constitisse
971 1249 1056 1294 nunc
1071 1229 1150 1293 mihi
1166 1229 1300 1294 videtur.

161 1441 232 1506 Iam
257 1443 303 1506 rei
326 1461 408 1525 quae
424 1443 670 1526 comparabatur
694 1443 949 1508 additur‘simils
972 1443 1059 1508 hisce
1082 1443 1227 1508 versibus
1250 1461 1303 1507 ex-

66 1567 238 1632 pressum:

186 1663 227 1721 56
251 1653 306 1720 Sic
327 1655 424 1737 virgo,
448 1656 525 1720 dum
548 1655 672 1720 intucta
695 1659 810 1733 mona,
833 1655 910 1720 amn
932 1655 1057 1720 bacula
1078 1657 1228 1722 senescu-

254 1760 335 1826 Oam
351 1782 420 1842 perr
442 1762 612 1826 conubium
635 1767 762 1827 maturo
785 1767 923 1843 tempure
946 1761 1065 1842 adeptu
1088 1768 1141 1841 est,

254 1867 343 1934 Curru
364 1869 435 1934 ciro
455 1869 561 1951 magis
584 1873 613 1934 et
634 1869 743 1934 maces
766 1873 811 1933 est
833 1869 943 1934 ineisa
961 1869 1105 1950 parmi.

65 1975 178 2040 Huius
214 1977 388 2060 scripturae
421 1977 459 2041 de
490 1977 625 2042 veritate
656 1995 750 2042 neme
780 1996 865 2041 nuno
896 1976 1021 2045 videtur
1044 1977 1205 2054 dubitare,
1239 1977 1302 2041 nisi

68 2082 225 2148 Schwabe
255 2084 515 2149 commemoravit
547 2084 580 2146 in
611 2083 719 2147 ultimi
749 2102 860 2148 versus
889 2083 1091 2148 adnotatione
1114 2083 1302 2148 Baehrensii

67 2190 290 2254 coniecturam
312 2191 473 2267 inutilem,
497 2191 535 2256 de
560 2209 623 2272 qua
646 2191 780 2274 posthac
803 2190 989 2254 videbimus.
1037 2190 1098 2255 Sed
1123 2209 1233 2255 versus
1258 2199 1299 2257 56

66 2297 259 2362 memoriam
282 2316 352 2362 esse
369 2298 559 2362 incolumem
577 2299 670 2380 vulgo
695 2297 896 2372 existimant3
920 2297 952 2361 in
977 2316 1039 2379 quo
1057 2298 1084 2362 si
1099 2316 1185 2363 nuno
1200 2297 1301 2362 fateor

66 2406 222 2486 corrupta
253 2422 321 2468 esse
351 2404 413 2469 dno
443 2406 610 2482 vocabula,
644 2405 739 2468 nimis
766 2404 901 2470 fortasse
926 2405 1115 2470 temerarius
1138 2405 1246 2469 videar
1269 2406 1302 2469 et

66 2511 202 2575 turbare
227 2529 272 2586 ca,
297 2530 378 2592 quae
394 2511 533 2576 dilucida
557 2513 630 2575 sint.
662 2512 898 2576 Nihilominus
922 2511 1108 2592 certissimis
1132 2530 1302 2593 argumen-

66 2619 110 2682 tis
137 2620 264 2682 coactcs
295 2637 386 2701 spero
417 2619 455 2683 de
479 2619 593 2683 iisdem
618 2619 819 2682 dubitaturos
842 2617 912 2682 esse
936 2618 1112 2694 vocabulis,
1145 2619 1201 2699 qni
1222 2618 1302 2683 haec

66 2725 197 2806 legent,
228 2725 266 2788 de
291 2726 406 2808 quibus
439 2725 502 2790 iarn
525 2726 668 2791 Pleitner
692 2728 711 2789 l.
735 2745 760 2790 c.
784 2725 955 2802 dubitavit,
986 2726 1075 2790 cuius
1106 2727 1244 2790 rationes
1267 2725 1301 2789 in

66 2850 169 2896 usum
192 2849 300 2895 meum
324 2835 515 2897 convertam.
565 2832 682 2896 Nostro
700 2836 812 2895 tamen
835 2831 950 2895 iudicio
973 2850 1032 2895 nos
1057 2832 1183 2896 stetisse
1200 2832 1301 2912 siquis

68 2939 140 3003 eins
165 2940 466 3004 commentationem
490 2939 664 3004 contulerit
686 2940 753 3022 ipsc
777 2939 904 3003 videbit.
1319 3017 1321 3022 Ι

161 3047 208 3109 Ae
231 3046 370 3128 primum
392 3045 518 3109 intacta
538 3065 643 3128 neque
660 3043 734 3110 cum
757 3045 958 3128 praecedenti
981 3045 1108 3109 notione
1131 3044 1301 3108 coniuncto

66 3151 212 3216 maritae
234 3170 337 3233 neque
360 3171 434 3218 cnm
449 3153 632 3234 insequenti
655 3173 727 3216 cum
747 3172 812 3232 par
835 3151 1003 3216 amulium
1018 3151 1137 3232 adepte
1159 3155 1204 3216 est
1227 3155 1299 3234 apte

65 3260 117 3324 ita
140 3257 276 3322 conferri
298 3262 412 3342 potest,
436 3263 473 3324 nt
496 3259 606 3324 eodem
629 3260 722 3323 modo
748 3279 810 3341 quc
833 3261 921 3342 prius
945 3259 1068 3324 intacta
1091 3260 1124 3324 in
1147 3279 1241 3324 versu
1257 3266 1299 3324 45

67 3366 151 3431 item
186 3365 237 3428 hie
272 3367 447 3431 transitum
482 3367 623 3448 aliquem
656 3366 754 3430 faciat
788 3386 807 3430 a
836 3368 930 3432 rebus
962 3367 1154 3450 comparatis
1185 3367 1300 3431 adres

67 3475 174 3556 ipsas,
210 3490 290 3554 quae
326 3474 614 3556 comparationibus
648 3474 861 3538 illustrantur.
919 3474 1034 3538 Ncutri
1066 3474 1151 3538 enirn
1180 3474 1301 3538 notioni

68 3581 232 3645 contraria
266 3583 316 3644 est
350 3580 418 3644 eins
453 3580 599 3645 vocabuli
634 3581 691 3644 vis.
736 3582 857 3663 Aptum
893 3583 943 3645 est
977 3581 1009 3644 id
1044 3581 1233 3646 vocabulum
1267 3582 1300 3645 in

69 3687 213 3770 stropha,
237 3687 291 3751 ubi
306 3688 477 3770 integritas
493 3688 625 3769 virgime
643 3688 767 3769 agitur;
791 3688 843 3752 hic
866 3691 915 3752 est
930 3689 1074 3771 ineptum
1089 3707 1192 3770 neque
1210 3687 1301 3770 quid·

69 3813 171 3877 quam
194 3794 306 3872 habet,
337 3813 399 3876 quc
422 3795 532 3859 referri
563 3795 679 3877 possit,
709 3795 859 3876 quoniam
887 3814 952 3860 nen
974 3797 1007 3858 in
1030 3796 1214 3877 integritate
1239 3797 1301 3860 vir-

69 3903 155 3984 ginis
180 3901 357 3966 sententiae
373 3920 508 3966 acumen
531 3902 655 3980 nititur,
679 3902 735 3966 sed
758 3904 796 3965 nt
818 3902 889 3967 lnce
906 3903 1022 3967 clarius
1046 3906 1096 3967 est
1118 3903 1150 3967 in
1174 3904 1300 3968 conubii

69 4012 166 4074 sorte.
178 4007 228 4072 Ad
240 4009 403 4089 neglectae
416 4009 582 4074 enimvitis
595 4009 754 4074 solitariae
768 4009 1012 4074 similitudinem
1019 4011 1300 4095 pertinetinnupta

70 4116 169 4198 virge,
192 4114 348 4178 advitam
369 4116 456 4180 ulmo
471 4116 657 4180 maritatam
679 4134 716 4179 sa
736 4135 817 4197 qnae
837 4116 962 4181 conubii
977 4117 1135 4200 particeps
1151 4117 1300 4198 factasit,

70 4222 112 4288 ad
129 4224 280 4287 neutram
297 4239 370 4287 vero
388 4240 457 4288 rem
472 4222 596 4286 intacta
608 4223 704 4305 virgo.
731 4222 836 4305 Igitur
855 4223 977 4289 inmota
994 4227 1180 4307 corruptum
1197 4229 1255 4291 est
