2934 4742
709 237 865 327 Q

381 409 471 486 ’Ἀνω
494 435 654 505 ποταμῶν
678 417 770 510 ἱερῶν
790 433 929 510 χωροῦσι
954 420 1071 507 παγαί,

390 527 457 594 Καὶ
482 526 559 594 δίκα
582 527 639 594 καὶ
664 529 775 595 πάντα
800 529 901 595 πάλιν
925 527 1111 618 στρέφεται.

171 634 300 715 Ubique
328 635 396 700 sine
426 637 492 700 ullo
523 637 673 701 orationis
701 638 874 702 lenimento
903 655 960 720 per
988 637 1231 701 similitudinem
1261 637 1412 717 aliquam

171 740 206 804 id
231 741 314 822 quod
346 744 455 807 contra
477 746 629 808 naturam
652 743 688 807 fit
712 762 786 808 cum
809 744 932 827 impetu
957 744 1094 825 quodam
1124 761 1236 808 sensus
1259 742 1410 807 infertur.

263 954 353 1019 VIII.
386 955 427 1019 In
456 956 595 1021 carmine
625 956 748 1020 LXVII
780 957 820 1020 ad
849 958 979 1020 ianuam
1007 956 1201 1021 Veronensis
1238 956 1412 1020 cuiusdam

170 1061 288 1125 domus
312 1061 439 1127 derecto
463 1081 516 1127 eas
539 1062 747 1127 confidentiae
770 1082 897 1147 poenas,
922 1082 1002 1145 quas
1026 1064 1191 1128 subiturus
1215 1081 1283 1126 esse
1298 1062 1413 1126 Baeh-

172 1168 277 1232 tensio
302 1169 437 1246 videtur,
461 1169 488 1232 si
505 1169 575 1250 quis
590 1170 682 1252 plene
706 1169 785 1234 illud
810 1189 843 1234 se
866 1170 1060 1234 intellexisse
1077 1169 1234 1252 opinetur,
1256 1169 1302 1232 ita
1318 1189 1412 1234 nunc

172 1275 274 1340 vitare
299 1276 421 1353 studeo,
445 1278 483 1340 ut
505 1295 606 1340 unum
629 1277 735 1341 locum
759 1280 944 1360 corruptum
967 1277 1134 1342 emendare
1159 1294 1261 1340 coner.

260 1381 301 1468 In
324 1383 437 1448 ianuae
454 1382 649 1447 confessione
666 1383 704 1448 de
728 1384 796 1447 rita
810 1385 1014 1465 moribusque
1031 1383 1175 1447 mulieris
1198 1383 1232 1445 iu
1257 1381 1411 1447 cadomo

170 1487 348 1552 habitantis
382 1490 468 1554 facta
502 1490 581 1554 haec
611 1491 798 1574 aperiuntur
832 1491 878 1574 (in
908 1511 936 1554 v.
961 1499 1003 1555 20
1033 1490 1190 1554 Italorum
1220 1487 1413 1553 coniectura

172 1581 358 1690 ‘attigerat'
384 1597 523 1678 reposita
546 1615 602 1679 pro
629 1584 801 1692 ‘attigerit'
828 1597 942 1661 codicis
966 1595 1025 1678 V):

351 1700 501 1766 Primum
524 1702 626 1784 uitur
648 1703 736 1784 sirpo
760 1701 844 1784 quod
865 1702 971 1784 fertur
992 1701 1116 1766 traditu
1138 1699 1228 1764 uobis

285 1815 327 1874 20
395 1807 533 1873 Falsum
555 1814 608 1873 est.
631 1829 696 1873 uou
719 1808 812 1873 illam
835 1809 887 1872 air
904 1809 1001 1890 prior
1024 1809 1183 1890 culparat,

350 1914 557 1998 Lanuuidior
580 1919 690 1980 teucro
713 1916 766 1979 cui
783 1915 929 1996 peredeus
951 1914 1058 1979 sicula
1081 1914 1151 1979 beta

394 2021 582 2104 Numquam
604 2042 637 2086 se
660 2022 800 2086 audiam
821 2021 953 2088 sustulit
975 2022 1021 2086 ad
1042 2022 1202 2086 muitum:

352 2125 417 2194 seu
431 2133 529 2209 puter
551 2127 643 2192 illius
663 2130 757 2210 panti
779 2128 915 2194 violasse
939 2127 1039 2194 cubile

395 2233 531 2300 Dicitur
553 2240 581 2300 et
604 2236 754 2300 miserum
777 2235 1002 2301 conscelerasse
1024 2235 1159 2312 domum,

170 2342 228 2406 ubi
251 2343 284 2406 in
307 2363 335 2406 r.
360 2351 401 2408 23
427 2343 504 2408 adeo
535 2342 615 2407 nihil
644 2344 684 2407 ad
709 2362 814 2408 acrem
838 2345 906 2408 eius
930 2344 1107 2408 sententiae
1131 2340 1413 2426 perspicuitatem,
1465 2349 1466 2370 ²

172 2467 237 2530 qua
260 2449 327 2532 ipse
355 2453 460 2545 tpater
482 2451 568 2514 illius
592 2451 682 2532 gnati
704 2449 838 2516 violasse
862 2451 964 2515 cubile
986 2438 1115 2515 dieitur'
1141 2450 1250 2514 deesse
1267 2447 1414 2522 videtur,
1465 2463 1466 2468 ’

172 2557 211 2620 nt
233 2557 293 2620 boc
318 2544 435 2652 ‘illius‘
462 2557 661 2639 superfluum
684 2559 716 2621 et
739 2557 926 2640 languidum
950 2559 1001 2622 sit.
1032 2557 1163 2623 Accedit
1186 2555 1271 2637 quod
1293 2554 1328 2617 in
1344 2554 1415 2618 hoc

170 2681 235 2727 uno
258 2663 327 2728 loco
352 2663 435 2747 apud
453 2663 618 2730 Catullum
634 2665 773 2747 genetivi
796 2665 915 2729 formae
938 2666 971 2728 in
998 2651 1076 2760 ‘ius'
1102 2663 1246 2728 exeuntis
1273 2648 1313 2758 ti'
1334 2662 1414 2726 lon-

173 2789 247 2852 gam
277 2770 354 2836 faoit
384 2773 557 2854 syllabam,
593 2773 738 2836 omnibus
770 2773 898 2854 quidem
934 2772 967 2835 in
998 2772 1067 2835 aliis
1098 2769 1282 2852 corripitu13
1318 2787 1411 2849 quae
1464 2835 1465 2838 ,

171 2878 317 2960 exempla
345 2881 496 2960 congesta
524 2877 700 2943 afferuntur
732 2879 887 2942 aRieseo
918 2878 958 2942 ad
988 2897 1012 2942 c.
1036 2877 1087 2942 ΙΠ
1110 2885 1139 2943 8.
1184 2876 1263 2940 Inde
1293 2875 1413 2958 ipsum

171 2985 364 3049 vocabulum
387 2985 420 3049 in
443 2985 655 3068 suspicionem
678 2987 828 3050 vocaturn
852 2988 910 3061 est,
934 2986 1023 3049 velut
1045 3003 1147 3068 nuper
1171 3002 1189 3048 a
1210 2983 1412 3047 Baumanno
1464 2983 1465 2986 ’

171 3089 211 3154 de
243 3092 310 3155 arte
339 3092 473 3156 metrica
504 3091 623 3158 Catulli
653 3090 765 3173 Proyr.
797 3091 984 3173 Luudsberp
1019 3111 1049 3154 a.
1079 3089 1129 3157 W.
1167 3099 1249 3156 1881
1287 3108 1316 3172 p.
1354 3100 1412 3166 17,

170 3197 268 3260 antea
292 3198 331 3261 ab
356 3199 434 3262 aliis.
482 3197 544 3263 Sed
567 3201 604 3263 ut
628 3202 660 3263 et
682 3199 826 3280 legitima
849 3199 917 3263 eius
935 3200 1075 3282 syllabae
1099 3199 1289 3263 restituatur
1311 3215 1414 3260 meu-

171 3320 249 3366 sura
272 3305 305 3366 et
326 3304 388 3387 ipsi
409 3306 587 3387 pronomini
613 3294 729 3399 ‘illius'
756 3323 815 3370 sua
837 3306 990 3370 reddatur
1005 3306 1061 3382 vis,
1084 3305 1117 3368 id
1140 3304 1332 3369 vocabulum
1357 3305 1413 3367 in·

170 3409 345 3473 serendum
377 3413 441 3487 est,
472 3413 554 3493 quod
584 3415 658 3495 post
686 3399 801 3501 ‘illius'
828 3412 943 3476 excidit
973 3413 1102 3496 propter
1130 3411 1270 3494 syllabae
1293 3410 1412 3475 finalis

171 3515 424 3594 similitudinem,
446 3523 491 3582 ut.
540 3517 631 3597 Quod
655 3538 786 3584 oausam
810 3519 968 3601 significat
997 3520 1030 3582 iu
1053 3519 1153 3601 patris
1178 3518 1321 3600 opinione
1349 3537 1414 3600 po-

171 3622 285 3699 sitam,
316 3641 410 3704 quem
442 3624 545 3690 scelus
577 3645 672 3690 suum
695 3616 862 3708 tamquam
884 3626 934 3690 ius
959 3626 1140 3707 quaesitum
1162 3623 1320 3690 iudicasse
1347 3643 1414 3707 per

170 3729 321 3794 acerbam
343 3730 522 3795 irrisionem
545 3733 640 3814 poeta
663 3731 748 3796 dicit.
783 3732 879 3797 Redit
903 3732 987 3797 euim
1011 3732 1122 3796 eadem
1144 3731 1247 3795 irrisio
1270 3747 1416 3813 rospon-

170 3834 321 3901 dentibus
344 3838 421 3920 ipsis
445 3839 567 3902 tributa
590 3839 623 3902 in
646 3859 674 3903 v.
699 3847 813 3921 29sq.:

349 3943 527 4027 Eprepe'um
548 3964 671 4009 uurrus
693 3946 779 4009 miro
795 3947 918 4025 pietate
937 3948 1111 4026 parentatu,

396 4052 461 4133 Qui
483 4053 552 4134 ipse
574 4052 629 4116 sui
649 4053 742 4134 pauli
764 4053 919 4116 minuerit
940 4052 978 4116 iu
999 4051 1164 4132 premium.

169 4155 232 4218 Est
248 4159 356 4221 autem
371 4159 397 4222 is
415 4160 482 4223 eius
498 4160 642 4224 vocabuli
658 4179 745 4237 usus,
768 4163 806 4223 ut
830 4160 912 4224 sicut
927 4178 1077 4242 graccum
1094 4158 1138 4235 ὡς
1153 4173 1285 4222 causam
1301 4154 1417 4220 addat

170 4279 211 4324 er
246 4262 389 4343 opinione
423 4266 475 4328 rel
509 4264 642 4329 dicentis
677 4267 727 4330 vel
761 4283 914 4347 personae
945 4266 1077 4330 alicuius
1107 4265 1145 4328 dc
1178 4281 1242 4345 qna
1273 4263 1415 4328 dicitur.
1462 4281 1463 4297 ¹
