2934 4742
730 143 771 202 82

672 226 832 236 -σ--ι

137 336 276 402 maxime
301 336 340 399 ad
364 335 487 417 amplas
518 334 552 396 et
581 332 764 415 perspicuas
795 331 937 396 eiusdem
966 331 1011 396 rei
1040 331 1218 398 reddendas
1247 333 1377 400 formas

138 444 275 526 spectat.

229 547 516 630 Epithalamiorum
540 548 648 611 autem
674 564 775 628 genus
797 547 831 608 et
851 545 1103 627 hymenaeorum
1119 547 1222 629 prima
1239 546 1376 630 Sappho

142 656 210 718 1111
234 655 386 727 excoluit;
410 654 500 718 cuius
525 654 552 718 si
577 639 775 749 ‘hymenaei'
801 651 925 734 proprio
949 652 1076 716 nomine
1105 671 1171 716 non
1202 654 1376 718 nominan-

143 763 211 837 tur,
241 779 294 824 eos
325 760 603 844 epithalamiorum
627 759 836 842 appellatione
860 759 1102 840 comprehensos
1125 758 1224 824 fuisse
1244 762 1374 825 certum

142 869 192 931 111
226 866 264 930 cf.
297 865 485 949 Bernhardy
521 864 704 930 Guuadriss
745 863 774 927 11
808 863 923 945 primic.
957 862 1036 928 Liii.
1067 864 1103 928 Π
1139 865 1194 944 1³,
1229 886 1259 949 p.
1294 875 1374 932 644,

144 959 342 1065 “Ype'uarcr',
368 973 573 1036 nominantur
597 971 725 1053 quidem
748 989 767 1036 a
789 971 951 1034 Demetrio
975 968 1052 1056 περὶ
1076 966 1144 1057 ἑρμ.
1169 992 1193 1037 a.
1218 981 1290 1051 132,
1314 976 1372 1039 ubi

143 1079 259 1162 quihus
282 1079 315 1142 in
337 1080 432 1144 rebus
456 1079 611 1146 consistat
634 1096 671 1142 ea
687 1078 837 1142 orationis
854 1077 965 1153 virtus,
982 1096 1079 1158 quam
1096 1077 1260 1166 γλαφυρὸν
1275 1079 1373 1164 λόγον

142 1186 283 1269 appellat
310 1185 340 1268 (ὁ
376 1184 539 1271 γλ1φορός
569 1183 662 1269 λόγος
688 1184 914 1270 χαριεντισμὸς
947 1181 1005 1248 καὶ
1036 1179 1147 1271 iimpdc
1177 1184 1272 1270 λόγος
1298 1185 1373 1252 ἐστι’

143 1311 168 1358 ο.
196 1292 286 1374 128),
315 1292 502 1373 singillatim
538 1291 755 1375 persequitur:
792 1290 833 1354 coi
862 1287 921 1371 μὲν
951 1285 1005 1354 οὖν
1034 1285 1105 1377 εἴδη
1134 1303 1199 1356 τῶν
1225 1289 1374 1379 χαρίτων

142 1397 261 1464 τοσάδε
283 1395 340 1462 καὶ
363 1396 486 1462 τοιάδε.
509 1391 572 1462 eici
595 1394 632 1462 δὲ
655 1391 690 1462 ai
712 1393 772 1478 μὲν
794 1393 827 1460 ἐν
849 1398 919 1473 τοῖς
941 1394 1115 1482 πράγμασι
1136 1396 1274 1485 χάριτες,
1300 1389 1374 1465 οἷον

144 1506 302 1591 νομφαῖοι
332 1515 450 1591 κηποι,
475 1501 630 1586 ὑμέναιοι,
655 1498 788 1589 ἔρωτες,
818 1501 877 1590 ὅλη
907 1503 926 1589 ἡ
957 1505 1117 1588 Σαπφοῦς
1147 1501 1297 1592 ποίησις.
1328 1508 1373 1570 τὰ

147 1612 207 1696 γὰρ
230 1620 377 1690 τοιαῦτα,
402 1609 461 1674 κᾶν
490 1609 555 1674 ὑπὸ
581 1598 809 1686 Ἱππώνακτος
836 1607 985 1696 λέγηται,
1013 1606 1166 1694 χαρίεντά
1198 1609 1281 1691 ἐστι,
1312 1611 1375 1678 καὶ

147 1715 227 1783 αὐτὸ
250 1713 362 1804 ἱλαρὸν
384 1716 422 1782 τὸ
445 1726 582 1802 πρᾶγμα
606 1713 642 1794 ἐξ
665 1711 797 1780 ἑαυτοῦ·
820 1713 925 1794 οὐδεὶς
955 1717 1015 1802 γὰρ
1045 1716 1084 1780 div
1115 1714 1264 1800 ὑμέναιον
1294 1705 1372 1806 ᾄδοι

145 1821 355 1908 ὀργιζόμενος,
378 1820 453 1888 οὐδὲ
468 1871 500 1888 ..
526 1823 581 1888 sed
606 1809 888 1918 ‘hymenaeorum'
912 1841 1028 1888 nomen
1050 1824 1103 1888 hic
1126 1824 1167 1888 ad
1191 1826 1374 1892 carminum

146 1931 326 2013 argumenti
350 1930 506 2011 quasdam
528 1932 638 2013 partes
660 1930 829 2011 redigitur,
851 1949 916 1994 non
939 1931 1042 2012 operis
1073 1932 1207 1996 alicuius
1237 1933 1375 1998 titulum

145 2036 787 2120 1111111111111111111111111111.
818 2036 852 2118 4)
884 2039 933 2100 111
960 2037 1079 2102 Catulli
1109 2057 1237 2104 carmen
1267 2058 1376 2105 amoe-

147 2144 327 2220 11111111
350 2163 413 2225 quo
436 2144 515 2207 item
539 2162 555 2206 e
579 2143 778 2208 cant-antium
803 2144 894 2208 vultu
917 2162 980 2207 non
1003 2144 1051 2208 ira
1075 2145 1202 2222 eminet,
1226 2146 1281 2210 sed
1297 2166 1377 2211 sua-

147 2250 229 2314 vitas
264 2251 335 2314 oris.
390 2237 668 2346 ‘Epithalamium'
709 2249 828 2314 Catulli
862 2267 991 2316 carmen
1027 2253 1119 2314 vocat
1153 2250 1374 2330 Quintilianus

147 2357 167 2420 l.
183 2375 217 2434 1.,
235 2356 417 2452 ζ01111111
434 2343 651 2439 epithalamio'
671 2355 802 2420 affertur
819 2375 837 2420 a
852 2356 1046 2420 Priscianol
1065 2367 1136 2434 170,
1154 2367 1204 2435 10,
1221 2357 1375 2442 Sapphus

150 2465 258 2528 autem
283 2463 559 2545 epithalamiorum
581 2462 774 2544 peculiarem
797 2463 916 2527 librum
937 2462 1036 2526 fuisse
1066 2467 1179 2528 auctor
1208 2467 1258 2528 est
1287 2485 1377 2530 unua

150 2570 278 2634 Servius
302 2569 397 2651 Verg.
421 2569 533 2650 Georg.
555 2568 628 2633 111
652 2587 804 2648 pomerum
823 2587 894 2632 vcro
911 2587 975 2648 pro
990 2569 1107 2632 marito
1116 2569 1261 2648 positum
1275 2570 1377 2634 mulii

148 2676 313 2756 accipiam
335 2675 429 2738 iurata
451 2673 588 2755 Sappho,
613 2694 695 2755 quac
717 2673 755 2737 iu
777 2673 871 2752 libro,
896 2675 952 2756 qui
975 2675 1165 2740 inscribitur
1184 2664 1377 2742 Ἐπιθαλά-

147 2807 219 2866 μιο,
235 2782 285 2845 aii
304 2785 397 2868 χοῖρε
493 2783 549 2864 (=
564 2781 601 2845 fr.
621 2788 681 2846 105
698 2781 762 2863 B3).
796 2784 901 2862 Atque
917 2782 950 2844 in
967 2783 1035 2846 1111
1051 2785 1187 2864 angusto
1203 2785 1378 2866 utriusque

149 2890 273 2974 generis
290 2889 479 2962 discrimine,
496 2906 692 2969 quamquam
707 2887 836 2968 aliquod
852 2888 921 2964 fuit,
944 2907 1007 2975 non
1030 2890 1133 2952 solum
1147 2888 1378 2956 difficillimum

150 2996 248 3061 fuisse
272 3015 372 3060 unum
396 3013 495 3076 genus
520 2995 559 3058 ab
583 2994 683 3058 altero
707 2995 822 3058 acriter
852 3013 1015 3076 separare,
1046 2995 1100 3058 sed
1133 2997 1229 3060 etiam
1259 2998 1378 3064 inutile

149 3103 215 3168 iere
239 3121 276 3166 aa
298 3103 418 3166 nuliius
442 3101 595 3166 momenti
617 3119 673 3184 per
698 3119 731 3165 11
756 3103 894 3184 apparet.
939 3101 1013 3165 Iure
1040 3102 1138 3182 igitur
1160 3103 1221 3166 hoc
1244 3122 1378 3169 carmen

151 3228 169 3272 a
192 3210 269 3286 loco,
292 3209 346 3272 ubi
369 3211 534 3272 cantatum
558 3210 614 3282 111,
641 3194 912 3303 ‘epithalamium’
938 3209 1042 3272 vocari
1057 3209 1163 3290 potuit
1177 3209 1210 3272 in
1227 3209 1333 3275 codice
1349 3212 1379 3274 Τ

149 3315 292 3395 nihilque
316 3315 451 3378 efficitur
475 3315 533 3378 tali
555 3314 679 3390 iudicia,
704 3315 797 3395 quale
820 3314 923 3378 Bonin
946 3315 966 3377 l.
997 3333 1022 3378 c.
1051 3334 1081 3396 p.
1110 3323 1128 3380 9
1153 3315 1247 3378 tulit:
1272 3336 1304 3380 11
1331 3317 1380 3379 ist

150 3421 253 3486 caeder
275 3420 328 3484 eiu
351 3419 452 3484 actim
466 3419 680 3501 Hymenaeus,
705 3419 760 3484 der
782 3419 935 3483 mdlueud
956 3419 1010 3484 aes
1025 3418 1194 3503 Fesizupes
1214 3439 1380 3504 yeemcpeu

150 3526 242 3604 wiud,
265 3526 343 3589 uach
370 3526 423 3589 eiu
445 3525 543 3589 caletes
565 3525 840 3605 Epithalamium,
865 3525 925 3590 das
947 3545 1003 3590 vor
1024 3526 1094 3592 dem
1117 3527 1381 3610 Brauiyemache

148 3653 307 3715 qesuuym
329 3653 369 3698 au
391 3632 517 3696 werden
539 3631 692 3716 teeiimmi
714 3633 765 3696 ist.

244 3845 305 3911 Sed
321 3847 396 3910 hinc
412 3865 430 3910 1
447 3845 627 3910 Catulliana
644 3847 791 3924 carmine,
809 3846 892 3928 quod
909 3847 1055 3928 equidem
1071 3865 1260 3911 conversum
1275 3846 1380 3912 fuisse

153 3953 286 4017 arbitror
316 3971 332 4016 e
362 3951 509 4034 Sapphus
545 3971 607 4016 uno
643 3953 748 4033 aliquo
783 3954 958 4035 hymenaeo
992 3989 1032 4000 -
1063 3971 1138 4016 nam
1165 3954 1217 4017 vel
1244 3955 1382 4036 propter

151 4060 397 4124 concinnitatem
438 4077 566 4141 prorsus
610 4059 791 4123 incredibile
833 4061 883 4124 111
923 4060 955 4122 id
990 4079 1006 4123 e
1041 4060 1164 4124 duobus
1201 4059 1380 4124 conflatum

150 4165 249 4230 fuisse
280 4201 321 4212 -
351 4167 449 4247 paulo¹
474 4166 598 4246 longius
631 4166 806 4248 Sapphicae
834 4184 965 4247 poeseos
996 4167 1131 4248 vestigia
1166 4167 1258 4251 sequi
1287 4186 1380 4230 nuno
