2928 4724
707 145 864 260 n„

156 346 159 351 ’
258 357 329 423 Iam
354 357 572 437 Quintilianus
595 359 628 422 in
651 358 790 422 institut.
814 359 892 422 orat.
916 355 964 421 III
987 364 1016 426 3,
1042 364 1083 420 16
1106 358 1144 420 ιι
1166 357 1403 439 particularum

189 465 318 530 dum..
342 452 435 529 dnm
461 484 556 529 nsum
592 465 839 547 grammaticum
874 464 1017 546 exemplo
1053 464 1159 544 aliquo
1195 482 1232 527 er
1268 463 1402 545 antiquo

173 590 318 636 sermone
342 572 442 654 petito
409 571 594 646 toindicet,
617 573 650 636 in
674 590 710 636 eo
735 571 838 654 capite
862 569 946 651 qnod
971 572 1021 635 est
1006 569 1084 633 ιιι
1106 569 1217 650 figuris
1241 570 1321 634 haec
1346 587 1403 652 ap-

169 677 276 761 ponit:
245 674 499 741 t'Oatultus
484 697 522 740 ιι
552 676 760 758 epithalamo
809 675 885 739 darm
907 676 1049 756 innupta
1071 678 1192 752 manet,
1220 675 1296 739 dam
1320 695 1403 740 coro

169 783 240 846 suis
261 771 330 860 ιιι,
353 803 424 846 cam
441 783 569 880 prius
574 771 664 846 dum'
689 783 847 865 stpaiptcet
871 769 1017 878 qamd',
1039 801 1174 862 sequaces
1200 801 1315 880 usquc
1339 773 1401 858 eo',

171 890 254 971 quod
277 891 497 955 testimonium
521 853 615 972 vulgo
639 889 680 954 ad
704 909 832 954 versum
856 896 898 953 45
922 889 1009 953 hunc
1031 889 1183 953 refertur:
1286 905 1291 920 ·

313 994 368 1060 su
391 997 488 1078 sirpo,
512 996 589 1060 dms
610 996 734 1060 intumo
756 1000 870 1072 manci,
895 994 971 1058 daca
994 1015 1074 1060 cora
1096 995 1166 1058 suis
1189 1000 1242 1059 est.

259 1103 340 1168 Cum
364 1106 475 1167 antem
497 1104 687 1168 vocabulum
709 1103 833 1166 ιἰιιιιιια
861 1103 913 1166 bic
936 1102 1150 1166 certissimum
1175 1103 1232 1178 sit,
1260 1102 1400 1165 maxime
1454 1143 1458 1188 ι

168 1213 351 1294 propterea,
382 1209 466 1292 quod
494 1211 671 1274 sententiae
701 1209 904 1274 incolumitas
935 1211 967 1272 et
997 1209 1116 1273 veritas
1139 1209 1312 1273 consistere
1336 1227 1401 1273 non
1454 1189 1458 1260 l

167 1318 275 1401 potest
303 1317 365 1380 nisi
394 1316 429 1380 in
458 1317 519 1380 hoc
541 1317 610 1399 ipso
634 1317 800 1396 vocabulo,
834 1315 1031 1397 pervertitur
1054 1316 1179 1390 autem,
1214 1315 1241 1378 si
1264 1333 1399 1397 reponas
1454 1261 1458 1364 d

169 1424 324 1503 innupto,
366 1441 489 1488 errasse
526 1421 743 1501 Quintilianus
779 1423 905 1486 videtur
939 1422 972 1485 in
1010 1421 1191 1486 testimonio
1231 1421 1399 1486 afferendo.
1454 1433 1458 1501 ,³

169 1530 267 1594 Error
296 1531 395 1611 igitur
424 1529 627 1612 neglegentia
651 1530 791 1611 quadam
813 1529 984 1593 memoriae
1008 1531 1097 1593 ortus
1121 1547 1190 1594 esse
1214 1529 1314 1593 videri
1345 1547 1400 1612 po
1456 1510 1457 1522 ἵ

169 1638 251 1713 test,
288 1636 343 1701 sed
381 1637 449 1700 eius
488 1655 584 1701 causa
618 1637 680 1700 nisi
715 1635 914 1700 manifestior
948 1636 1056 1716 aliqua
1084 1634 1217 1699 indicari
1250 1637 1399 1718 potuerit,

169 1743 281 1826 plusve
311 1745 455 1807 minusve
483 1746 592 1807 tamen
622 1743 782 1808 videbitur
805 1741 1044 1824 inexplicabilis.
1089 1741 1160 1805 Iam
1185 1743 1288 1822 qualis
1310 1743 1399 1806 notio
1457 1793 1458 1800 ,

169 1851 202 1914 in
226 1870 253 1913 ι.
278 1857 319 1914 56
344 1849 586 1926 desideraretur,
609 1850 674 1913 iam
691 1849 955 1932 significavimus,
978 1848 1078 1929 igitur
1102 1848 1185 1930 quod
1208 1849 1399 1913 vocabulum

169 1975 255 2020 nunc
276 1975 380 2037 neque
404 1955 456 2020 hic
479 1975 582 2037 neque
605 1957 638 2019 in
661 1956 865 2039 respondenti
888 1973 983 2018 versu
1006 1963 1049 2020 45
1074 1955 1221 2030 traditur,
1244 1955 1399 2038 idipsum
1456 1941 1463 2036 ᾗ

169 2063 387 2145 reponendum
411 2065 474 2126 est:
505 2063 648 2142 innupla
669 2082 726 2145 pro
753 2049 914 2158 (intacta.
960 2062 1123 2126 Librarius
1146 2063 1198 2126 vel
1225 2080 1331 2126 errore
1355 2062 1399 2126 le-

170 2169 266 2250 gendi
288 2189 344 2252 pro
368 2173 484 2248 coapta
508 2169 635 2252 scripsit
657 2169 782 2232 iocata
804 2169 853 2232 vel
876 2169 1022 2232 vocabuli
1044 2169 1157 2251 prioris
1180 2187 1311 2232 memor.

260 2274 322 2339 Sed
352 2277 466 2340 mendo
498 2295 623 2357 quoque
654 2274 769 2339 affecta
800 2277 849 2339 est
877 2294 935 2338 vor
958 2275 1102 2352 sanescit,
1139 2277 1200 2340 etsi
1222 2276 1397 2340 tolerabilis

169 2382 281 2445 multis
310 2383 418 2446 videat
419 2402 466 2446 ur.
512 2381 601 2460 Quae
634 2383 717 2446 enim
752 2383 840 2463 virgo
875 2383 1010 2464 innupta
1045 2385 1168 2458 manet,
1204 2401 1241 2446 ea
1276 2383 1398 2446 inculta
1454 2415 1458 2437 ι

171 2488 383 2553 ιιιιιιίιὶηι
407 2489 435 2552 si
450 2488 645 2552 Baehrensio
669 2488 835 2564 eradiat
806 2491 988 2584 tamquam
1012 2507 1088 2571 ager
1110 2489 1256 2553 desertus
1273 2489 1397 2554 fructus
1454 2529 1458 2575 :

169 2613 232 2658 non
248 2595 376 2678 profert
401 2596 468 2659 sine
484 2597 595 2659 usnet
581 2594 784 2660 btonorefit
770 2558 917 2659 tanus'.
949 2595 1011 2659 Sed
1037 2614 1117 2677 quae
1141 2596 1264 2661 colendi
1287 2596 1399 2659 simili-
1457 2631 1458 2652 ι

169 2702 247 2766 tudo
270 2702 322 2766 bic
344 2702 561 2782 intellegatur,
585 2703 612 2765 si
635 2721 698 2766 non
722 2702 953 2785 praecedentia,
984 2705 1018 2766 at
1041 2706 1126 2766 certo
1149 2703 1290 2785 proxime
1312 2704 1398 2766 insa-

169 2809 301 2891 quentia
330 2809 502 2890 unicuique
532 2809 712 2882 declarant3
749 2810 905 2873 colitura
929 2809 995 2873 viro
1025 2810 1193 2890 minusque
1220 2809 1324 2872 invisa
1348 2811 1397 2872 est
1455 2862 1458 2871 .

165 2915 298 2995 parenti
321 2917 341 2979 i.
365 2935 390 2980 e.
413 2916 518 2992 matri,
543 2917 618 2997 quia
640 2916 692 2980 hic
717 2935 851 2998 quoque,
875 2915 957 2980 sicut
979 2915 1013 2979 in
1035 2915 1166 2996 reliquis
1190 2915 1340 2998 strophae
1364 2917 1396 2978 et
1454 2966 1458 2977 .

169 3023 385 3105 antistrophae
409 3023 495 3099 locis,
518 3024 693 3087 masculmo
718 3023 807 3086 senui
829 3022 1001 3087 femininus
1026 3021 1269 3102 adiungebatur.
1315 3022 1396 3086 Eam
1455 3085 1458 3121 r

168 3130 253 3193 enim
275 3130 418 3210 intellegi
441 3149 460 3192 a
482 3132 576 3212 poeta
599 3149 672 3194 cum
696 3129 752 3192 illa
775 3130 953 3211 aequalitas
977 3131 1048 3192 tum
1063 3128 1122 3192 viri
1138 3129 1395 3192 commemoratio
1455 3144 1458 3177 ι

169 3238 202 3300 ιι
229 3236 364 3299 huius'
355 3236 456 3317 rpsius
485 3235 629 3299 vocabuli
661 3235 802 3299 collocat
796 3253 824 3298 ιι
857 3234 995 3316 ordoque
1025 3233 1458 3317 demonstrabilibus!

168 3344 207 3406 nt
230 3342 267 3406 de
291 3342 351 3404 boc
373 3342 518 3405 vocabuli
543 3330 688 3436 parcns‘
713 3361 776 3405 usn
804 3341 890 3406 locos
915 3340 1070 3422 quosdam
1093 3340 1225 3415 addam,
1255 3342 1396 3423 primum

169 3448 265 3512 affero
294 3449 399 3511 locum
429 3411 668 3512 memorabilem
690 3449 762 3512 Tac.
793 3447 970 3512 ann.114
1000 3448 1100 3512 hunc:
1131 3445 1234 3510 malta
1263 3453 1396 3527 patrum
1455 3430 1458 3451 '

168 3558 197 3618 ct
225 3555 262 3618 io
285 3553 466 3635 depastam
494 3553 648 3617 adulatio.
694 3553 768 3618 Alia·
789 3559 975 3635 parentam,
1011 3553 1073 3618 alii
1100 3559 1234 3618 matrem
1260 3555 1396 3634 patriae
1457 3564 1458 3568 ’

168 3659 397 3742 appellandam
431 3709 470 3724 ..
505 3660 679 3746 censebant.
737 3661 797 3726 Dio
833 3662 962 3726 Cassius
997 3661 1089 3724 LVII
1122 3670 1160 3726 12
1195 3661 1304 3726 reddit
1333 3663 1394 3726 sic:

168 3766 286 3833 πολλοὶ
310 3765 369 3850 μὲν
390 3764 515 3855 μητέρα
532 3765 631 3855 αὐτὴν
648 3779 705 3855 της
724 3764 892 3854 πατρίδος,
917 3765 1037 3832 πολλοὶ
1055 3765 1092 3832 δὲ
1107 3790 1164 3832 και
1180 3765 1273 3850 γονέα
1290 3791 1395 3856 προσ-

167 3874 383 3960 αγορεύεσθαι
412 3874 539 3962 γνώμην
568 3870 700 3938 ἔδωκαν.
746 3875 817 3938 Iam
836 3875 930 3950 Nero,
965 3875 1019 3955 qui
1058 3862 1209 3938 matrem
1236 3876 1396 3940 occiderat

168 3981 251 4065 (Tac.
275 4000 347 4045 ann.
362 3981 477 4047 xlvo
459 3980 501 4064 9),
524 3999 597 4045 mor
624 3947 1396 4077 mortiparentisillacrimans'(lMcXIV10)

168 4091 444 4153 commemoratur
489 4087 828 4153 Iteml.c.lIII120
853 4088 1162 4182 eademprimum
1167 4076 1300 4166 mater’,
1323 4092 1396 4153 tnm

170 4182 315 4290 parens’
340 4194 532 4258 nominatur.
577 4194 621 4258 Et
643 4193 802 4258 laXIII
820 4203 860 4259 13
877 4195 1005 4259 Tacitus
1025 4195 1219 4290 principum
1243 4196 1396 4279 coniuges
