2928 4724
771 193 792 249 4

703 275 860 286 --—.-

282 389 322 446 59
346 383 375 444 at
396 383 454 443 tua
475 398 532 443 aaa
549 397 663 461 papae
686 398 756 442 eam
778 377 840 442 taii
862 378 991 460 aoieiupa
1014 379 1103 461 sirpo

347 506 411 550 noa
434 505 543 567 equom
565 490 609 550 ast
625 505 775 568 paquara
791 488 890 567 pater
912 486 966 550 cai
988 485 1126 550 tradidit
1148 485 1216 566 ipse

171 593 389 677 Vpraebebat
410 597 439 695 at
461 597 505 656 ta.
550 593 641 656 Alter
661 611 772 657 versus
796 611 815 656 a
836 593 941 676 priore
965 594 1060 675 vulgo
1082 594 1194 676 plenae
1219 593 1401 658 distintio-

170 700 220 765 nis
245 701 334 782 signo
358 701 539 783 separatur,
568 701 606 764 ut
628 700 714 782 prior
736 718 847 764 versus
871 719 971 764 unum
995 699 1110 765 sffioiat
1133 701 1339 765 enuntiatum
1362 702 1399 766 et

171 807 267 872 verba
294 825 359 870 aaa
386 825 517 887 aequom
546 809 592 873 est
614 825 766 887 pugnare
804 807 1037 888 coniungantur
1071 826 1145 872 oum
1179 808 1400 888 sequentibus.

171 913 256 978 Nam
278 914 306 977 is
329 914 424 995 uulgo
448 913 563 994 oorrigi
586 914 668 978 solet
695 915 728 977 et
751 912 905 994 distingui
933 913 967 976 in
990 913 1179 978 editionibus
1202 913 1262 978 hoa
1284 913 1399 978 modo:

409 1022 444 1082 at
464 1023 501 1082 ta
522 1037 562 1082 aa
580 1038 695 1101 papae
716 1038 788 1082 euin
810 1017 871 1082 toli
892 1017 1032 1100 coniuge,
1055 1018 1144 1100 oirpo

174 1145 255 1208 qnae
280 1127 342 1191 etsi
363 1145 420 1209 per
444 1145 477 1190 se
501 1126 577 1209 apta
600 1127 684 1203 sunt,
712 1144 772 1190 neo
793 1125 868 1189 inT
890 1144 950 1189 neo
971 1126 1003 1190 in
1029 1124 1100 1191 GO
1125 1126 1259 1190 exstant
1296 1128 1400 1192 Acoe-

172 1232 219 1297 dit
248 1232 331 1314 quod
360 1232 393 1295 in
424 1233 523 1296 altero
553 1250 648 1296 versu
679 1231 862 1326 tsubdurius
898 1232 1066 1314 suppletur
1098 1251 1169 1296 eam
1204 1250 1238 1296 eo
1268 1233 1321 1296 vel
1354 1233 1397 1312 ei,

172 1356 246 1404 oum
268 1338 456 1422 praesertim
472 1339 505 1402 et
528 1342 556 1402 te
579 1337 888 1419 subintellegendum
904 1325 972 1415 sit'‚
995 1339 1032 1401 nt
1051 1339 1213 1402 verissime
1228 1338 1397 1405 Baehrens

173 1445 256 1510 adu.
273 1453 315 1510 60
330 1445 464 1508 monuit.
501 1443 605 1526 Igitur
628 1445 797 1508 verborum
820 1445 984 1509 structura
1006 1444 1132 1526 integra
1155 1447 1188 1509 at
1209 1445 1398 1530 incorrupta

173 1551 278 1616 evadit
300 1551 361 1615 hao
384 1551 513 1615 demum
535 1551 684 1614 innotura
706 1549 792 1614 faeta
814 1552 848 1614 et
871 1550 1072 1615 distinetione

349 1706 357 1721 .
381 1706 389 1721 .
413 1705 420 1720 .
444 1706 461 1735 .,
484 1677 555 1720 eam
577 1655 638 1720 tali
660 1656 799 1738 coniage,
821 1657 921 1738 uirgo,

348 1762 423 1828 Noa
445 1782 577 1844 aequom
599 1766 644 1826 ast
664 1781 819 1844 pugnare,
837 1767 934 1843 pater
956 1763 1010 1827 orii
1029 1762 1170 1828 tradidit
1193 1765 1269 1844 ipse.

171 1871 219 1936 De
241 1870 406 1954 pugnandi
427 1871 553 1934 notione
578 1869 615 1934 of.
640 1868 730 1935 Ovid.
753 1888 780 1934 a.
804 1888 831 1933 a.
854 1869 871 1934 I
895 1877 956 1936 561

349 1974 607 2057 Implicitamque
629 1976 707 2040 siria
730 2013 773 2022 —
795 1995 896 2057 aeque
919 1976 1005 2040 euim
1028 1996 1177 2058 pugnare
1201 1975 1328 2043 oabbat
1351 2013 1399 2024 —

349 2080 499 2158 Abstulit,

170 2191 247 2255 met.
269 2189 304 2254 Π
327 2197 391 2254 436

347 2293 417 2358 Itia
438 2292 566 2375 quidam
586 2297 729 2376 pagaat;

171 2401 260 2482 Quae
291 2403 515 2483 relinquuntur
537 2405 567 2465 et
588 2404 646 2464 tua
668 2419 724 2464 aee
740 2419 856 2482 pupae
886 2401 951 2466 ianr
980 2401 1188 2466 manifestant
1211 2405 1284 2467 anto
1307 2405 1399 2470 huno

171 2528 300 2574 versum
329 2509 457 2592 praeter
486 2525 615 2572 uersum
643 2507 866 2572 intercalarem
893 2510 967 2591 post
995 2509 1125 2573 tertiam
1160 2510 1398 2595 antistropham

171 2615 406 2680 restituendum
422 2613 541 2695 aliquid
558 2613 711 2678 amissum
727 2632 806 2692 esse,
830 2614 915 2696 quod
937 2614 996 2679 hoo
1011 2634 1106 2680 versu
1122 2623 1162 2682 59
1181 2617 1399 2682 continuatur.

172 2720 261 2801 Quae
289 2721 447 2786 sententia
474 2720 679 2798 desideretur,
713 2721 808 2786 sertis
836 2723 869 2785 et
892 2722 1036 2803 angustis
1065 2722 1254 2802 quibusdam
1276 2723 1397 2789 finibus

172 2829 386 2894 oiroumsoribi
408 2828 524 2911 potest.

260 2935 394 2999 Iuvenes
419 2936 528 3030 autem
550 2934 608 2998 hos
633 2937 788 2998 extremos
812 2952 923 2998 versus
941 2942 1062 3016 59sqq.
1086 2936 1214 3000 eantare
1238 2955 1302 3000 uno
1326 2936 1395 3002 fere

173 3060 225 3106 ore
250 3061 358 3106 omnes
381 3042 572 3124 interpretes
597 3041 807 3118 consentiunt,
830 3041 892 3105 nisi
914 3040 995 3106 forte
1018 3041 1117 3104 —id
1142 3041 1225 3122 quod
1247 3043 1284 3105 A.
1299 3042 1396 3108 Riese

173 3148 356 3213 dubitanter
384 3149 472 3212 iuxta
502 3166 573 3212 eam
601 3147 780 3230 opinionem
807 3147 932 3230 posuit,
965 3148 1057 3228 quasi
1079 3152 1117 3211 ut
1148 3147 1234 3231 optio
1264 3148 1396 3214 daretur

171 3254 292 3336 legenti
315 3289 357 3302 -
381 3257 508 3337 poetam
531 3254 637 3336 ipsum
661 3254 764 3318 subito
787 3271 923 3336 persona
945 3256 1072 3318 mutata
1094 3256 1132 3319 ut
1155 3255 1316 3338 epilogum
1338 3255 1397 3321 ad-

173 3361 229 3424 dat
253 3360 292 3424 ad
316 3359 484 3424 dioendum
506 3359 630 3442 prodire
647 3360 822 3442 opinamur.
869 3359 932 3424 Sed
953 3360 1012 3424 tali
1027 3361 1184 3438 violentia,
1209 3379 1290 3443 quae
1313 3361 1397 3426 iudi-

173 3467 238 3532 eari
268 3466 376 3544 debet,
404 3466 499 3549 poeta
516 3483 623 3530 ,snum
648 3466 815 3531 eonsilium
846 3467 931 3549 quod
953 3467 986 3530 in
1010 3467 1236 3532 distribuendis
1260 3468 1393 3534 aetionis

172 3574 317 3658 partibus
339 3573 526 3656 perseoutus
551 3574 609 3651 est,
632 3573 699 3655 ipse
722 3574 875 3638 turbaret.
907 3572 998 3653 Quod
1020 3574 1203 3639 inoredibile
1225 3576 1275 3638 est
1290 3576 1394 3639 velut

172 3681 258 3744 reate
282 3679 406 3744 dioatur
427 3678 583 3761 ineptum.

263 3784 326 3850 Sed
341 3786 368 3850 si
382 3786 549 3850 iuvenibus
564 3785 624 3851 hae
639 3788 748 3870 partes
764 3786 889 3864 dantur,
916 3787 1014 3868 qnid?
1036 3787 1164 3870 puellae
1180 3787 1214 3850 in
1230 3787 1394 3852 silentium

174 3893 343 3956 damnatae
366 3892 446 3955 nihil
470 3893 605 3975 amplius
628 3893 748 3957 habent
764 3892 847 3973 qnod
871 3893 1009 3976 proferre
1033 3893 1178 3976 possint?
1205 3893 1393 3976 praesertim

173 4017 259 4076 oum,
289 3998 446 4079 siquidem
477 3998 625 4063 carminis
656 3999 737 4062 aotio
761 3998 801 4062 ad
825 3999 946 4063 exitum
968 4017 1063 4064 suum
1085 4000 1137 4063 hio
1159 4000 1313 4082 perduota
1336 4003 1393 4079 est,
1459 4015 1460 4102 p

172 4104 238 4168 iam
259 4107 360 4187 nupta
383 4105 470 4187 virgo
495 4105 625 4169 domum
646 4105 720 4169 novi
742 4106 850 4169 mariti
872 4106 1042 4170 introitura
1066 4106 1121 4183 sit,
1152 4105 1245 4170 ouius
1269 4106 1303 4170 in
1325 4125 1394 4171 ma-
1459 4127 1460 4152 l

173 4230 252 4276 num
273 4211 382 4277 venit?
428 4211 526 4290 Nam,
553 4211 586 4275 id
616 4213 700 4294 quod
723 4211 885 4277 Baehrens
909 4212 1085 4289 oontendit‚
1120 4212 1161 4276 ad
1183 4214 1326 4295 nuptam
1351 4215 1394 4310 csi
