2934 4742
599 210 759 302 Q

150 393 223 458 Iam
246 393 274 457 si
298 393 445 459 Catullus
468 394 501 458 in
526 414 550 459 c.
574 396 621 460 XI
646 405 741 478 2sqq.
766 397 858 462 dicit:

252 513 257 522 ·
348 499 423 565 Sive
446 501 483 564 ia
505 505 657 566 extremos
674 503 858 583 penetrabit
880 502 990 583 lados,

345 605 443 670 Litas
464 611 502 670 at
525 605 612 690 longe
635 613 804 673 resonante
825 608 898 674 an

396 712 561 778 Tandibor
582 714 673 779 abda

58 841 138 886 cum
160 819 257 885 Indos
286 820 446 898 nominat,
475 821 554 886 item
577 857 622 869 -
646 822 749 904 qualis
781 824 834 892 est
861 842 972 888 eorum
1003 823 1084 887 situs
1113 823 1197 888 mari
1220 823 1297 889 rici-

58 947 124 992 nus
149 927 284 991 -eius
313 926 453 991 notionis
490 923 611 1015 ‘Indus‘
648 929 864 994 condicionem
894 931 1004 1005 notat3
1038 929 1112 993 inde
1140 925 1204 1017 ‘ut’
1239 949 1297 1013 per

58 1051 218 1100 conexum
240 1033 352 1116 recipit
375 1033 510 1099 localem
525 1035 599 1112 vim,
624 1053 662 1099 ex
684 1035 803 1118 origine
828 1036 974 1101 vocabuli
997 1036 1172 1101 oriundam.
1207 1036 1296 1101 Alios

57 1141 131 1205 eius
154 1158 235 1204 usus
259 1139 344 1203 locos
367 1137 533 1204 Baehrens
558 1140 598 1204 ad
621 1141 653 1205 h.
676 1142 695 1206 l.
721 1142 848 1218 attulit;
873 1141 911 1207 ef.
934 1143 1100 1226 praeterea
1121 1141 1208 1206 Dahl
1230 1143 1250 1207 l.
1267 1161 1293 1208 c.

59 1267 90 1330 p.
119 1253 240 1326 145sq.
285 1244 319 1309 Is
342 1244 441 1327 igitur
472 1265 551 1312 usus
575 1249 721 1329 quamvis
745 1267 837 1313 rarus
862 1250 971 1313 tamen
995 1251 1045 1314 est
1068 1249 1226 1330 genuinus
1247 1249 1297 1313 la·

57 1355 150 1418 tinae
166 1352 294 1435 linguae
310 1371 369 1416 nec
386 1371 404 1416 a
421 1371 535 1435 graeca
551 1355 737 1419 translatus.
768 1354 853 1419 Nam
875 1358 914 1419 ut
936 1357 970 1419 in
994 1356 1140 1421 omnibus
1155 1356 1294 1421 notionis

56 1459 225 1542 originalis
249 1459 482 1524 mutationibus
507 1462 540 1524 et
564 1461 836 1540 translationibus,
860 1462 938 1526 item
961 1463 995 1526 in
1017 1462 1077 1526 hcc
1100 1481 1162 1527 usu
1184 1464 1295 1527 tenen-

57 1567 141 1631 dum
165 1566 230 1642 est,
256 1583 435 1647 numquam
457 1565 527 1631 fieri
549 1568 707 1650 potuisse,
738 1571 776 1632 ut
806 1587 843 1633 ea
867 1568 1046 1634 coniunctio
1069 1569 1205 1634 localem
1228 1569 1294 1634 vim

58 1673 231 1755 reciperat,
258 1672 321 1735 nisi
349 1690 405 1754 per
428 1673 558 1755 originis
589 1675 818 1758 proprietatem
842 1678 874 1740 et
897 1675 1035 1740 indolem
1060 1675 1222 1757 quandam
1246 1677 1295 1740 in·

56 1779 238 1844 delebilem.

154 1885 188 1949 Si
211 1884 249 1949 de
272 1885 414 1968 tempore
438 1887 567 1969 ponitur
590 1906 664 1952 oum
687 1887 856 1952 indicativo
880 1887 1027 1971 perfecti,
1056 1890 1094 1952 ut
1123 1888 1208 1970 apud
1232 1887 1293 1953 Ca·

54 1993 132 2058 tull.
156 1993 187 2056 X
212 1999 249 2058 5:

384 2097 460 2163 Huc
482 2103 518 2162 at
540 2099 685 2164 oeao'mas
708 2100 850 2165 iactare
873 2099 964 2164 nobis

382 2204 549 2271 Sermones
571 2207 667 2285 ocati,

52 2332 187 2396 semper
215 2313 347 2378 alterius
378 2313 537 2379 enuntiati
566 2314 648 2378 actio
679 2313 816 2378 refertur
845 2333 909 2378 non
933 2315 1062 2378 tantum
1091 2314 1130 2378 ad
1154 2315 1292 2396 tempus,

53 2420 117 2487 sed
141 2419 276 2484 adeam
300 2419 516 2486 condicionem
541 2439 622 2504 quae
646 2421 770 2485 actione
795 2421 953 2485 enuntiati
976 2420 1156 2486 secundarii
1179 2419 1292 2486 effecta

51 2526 259 2592 describitur.
303 2525 383 2590 Inde
407 2527 487 2591 illud
504 2545 631 2609 quoque
658 2527 865 2609 intellegitur,
889 2546 946 2592 cur
968 2527 1028 2592 hae
1053 2515 1134 2591 duae
1151 2528 1291 2592 octones

52 2633 219 2699 enuntiati
244 2635 289 2706 et,
298 2632 478 2697 secundarii
501 2635 534 2697 et
555 2632 699 2716 primarii
729 2634 786 2697 aut
817 2632 856 2697 ad
878 2633 964 2696 idem
993 2635 1119 2716 tempus
1151 2634 1292 2716 plerum·

52 2759 123 2824 que
153 2731 335 2822 pertineant
365 2741 422 2803 aut
450 2738 492 2802 ad
526 2738 613 2804 idem
640 2739 792 2822 temporis
823 2739 964 2821 spatium
994 2739 1033 2802 cf.
1056 2739 1190 2803 thner
1217 2740 1239 2804 l.
1263 2759 1289 2805 c.

50 2847 92 2913 II
116 2867 147 2930 p.
170 2854 244 2912 898.

150 2951 409 3036 Comparativam
443 2954 551 3017 autem
586 2953 651 3017 rim
686 2951 820 3035 suscipit
854 2951 941 3029 inde,
981 2951 1063 3033 quod
1098 2952 1132 3015 in
1166 2951 1289 3017 duabus

51 3060 237 3126 actionibus
260 3060 344 3124 inter
373 3077 407 3124 se
435 3059 603 3125 disiunctis
631 3059 665 3124 et
688 3059 799 3123 alienis
824 3057 999 3123 similitudo
1030 3059 1137 3140 aliqua
1160 3057 1290 3123 inventa

51 3169 118 3244 est,
142 3166 226 3230 unde
250 3165 381 3230 demum
404 3166 471 3230 eius
494 3184 593 3230 nexus
618 3165 738 3248 speeies
762 3183 799 3229 ac
821 3165 908 3228 notio
933 3163 1047 3241 oritur,
1078 3164 1133 3245 qui
1160 3165 1193 3227 in
1217 3165 1287 3230 aliis

52 3272 237 3340 actionibus
266 3272 351 3336 inter
380 3291 414 3336 se
438 3273 489 3337 vel
511 3274 653 3355 tempore
677 3273 728 3336 vel
750 3271 818 3336 loco
841 3272 893 3336 vel
915 3288 1013 3336 eausa
1036 3271 1206 3335 vel'modo
1232 3271 1289 3336 ali·

52 3398 123 3463 quc
151 3397 208 3462 per
241 3373 300 3466 ‘ut'
335 3379 513 3444 coniunctis
545 3378 584 3443 ab
614 3378 704 3442 initio
729 3385 853 3442 exstare
877 3377 1011 3442 ridetur.
1063 3377 1144 3441 Eam
1179 3379 1290 3442 autem

54 3485 205 3552 vocabuli
237 3481 295 3570 ‚ut’
330 3485 493 3549 notionem
521 3503 596 3549 sane
620 3485 759 3568 priscam
783 3502 852 3549 esse
881 3482 1009 3549 atinde
1033 3483 1072 3547 ab
1104 3484 1290 3566 antiquissi-

51 3593 120 3658 mis
146 3592 341 3676 temporibus
365 3591 528 3669 usitatam‚
552 3593 613 3656 hac
635 3610 669 3655 re
692 3591 785 3656 facile
800 3591 1008 3672 intellegitur,
1032 3590 1116 3672 quod
1140 3609 1177 3654 ea
1201 3590 1290 3654 simi·

50 3698 232 3765 litudinum
255 3698 321 3764 siva
344 3698 564 3780 analogiarum
586 3697 726 3763 inventio
750 3717 814 3762 una
838 3701 887 3762 est
910 3716 948 3762 ex
970 3697 1129 3780 primariis
1155 3699 1187 3762 et
1202 3697 1289 3780 prin·

51 3805 213 3888 cipalibus
229 3805 349 3869 viribus
366 3805 405 3870 ad
422 3805 549 3887 linguae
562 3805 715 3869 vocabula
730 3805 939 3886 motionesque
952 3801 1097 3880 creanda,
1112 3802 1287 3880 formanda,

51 3910 214 3994 augenda,
238 3911 468 3994 amplificanda.

147 4017 395 4082 Exclamationis
420 4020 528 4082 autem
550 4017 637 4082 notio
661 4016 726 4082 sive
750 4013 1005 4098 interrogationis
1028 4032 1092 4078 non
1109 4016 1159 4078 est
1175 4032 1287 4097 reapse

50 4124 229 4206 singularis
260 4124 433 4207 quaedam,
462 4123 517 4188 sed
547 4123 665 4206 pendet
694 4125 763 4187 tcta
787 4124 826 4187 ab
855 4121 1012 4186 enuntiati
1036 4121 1190 4203 cuiusque
1215 4139 1289 4203 pro-

50 4230 265 4296 nuntiatione.
317 4229 408 4310 Quod
443 4231 643 4314 paucissimis
675 4229 869 4312 quibusdam
902 4227 980 4292 loeis
1014 4225 1066 4311 (ef.
1095 4226 1181 4291 Dahl
1211 4227 1231 4291 l
1259 4244 1292 4291 c.

113 4352 218 4400 Weber.
234 4351 379 4402 cussanus·
394 4352 540 4393 catullinum.
1039 4333 1069 4386 ll
