2934 4742
196 1048 261 1148 2.
301 1050 409 1146 De
436 1047 758 1146 carminis
778 1048 1122 1146 LXVIII
1147 1049 1417 1148 unitate.

287 1377 444 1442 Carminis
467 1376 608 1440 LXVHI
637 1377 796 1441 unitatem
827 1377 954 1442 defendi
982 1397 1045 1442 non
1076 1396 1169 1460 posse
1198 1379 1260 1442 nisi
1285 1380 1325 1443 ab
1351 1380 1420 1475 <im-

195 1471 421 1570 prudentibus'
459 1501 627 1564 nugasque
662 1502 731 1548 esse
767 1487 799 1548 et
834 1485 986 1567 ineptias,
1026 1503 1107 1566 quae
1142 1484 1183 1548 ad
1219 1485 1420 1550 difficultates

197 1591 334 1674 opinioni
364 1590 419 1653 isti
454 1590 629 1654 contrarias
663 1591 871 1654 removendas
905 1590 1123 1675 proferrentur
1152 1591 1420 1675 interpretationis

197 1697 345 1773 remedia,
370 1696 472 1760 denuc
487 1714 589 1778 nuper
604 1695 637 1760 in
653 1698 880 1762 commentario
898 1699 1049 1762 acerrime
1074 1698 1237 1763 contendit
1252 1699 1421 1764 Baehrens.

197 1805 231 1868 Is
264 1803 348 1867 enim
372 1802 513 1884 quinque
545 1803 656 1867 attulit
685 1806 875 1885 argumenta
899 1805 968 1868 tam
991 1804 1091 1880 firma,
1114 1806 1153 1868 ut
1175 1823 1355 1887 numquam
1376 1823 1420 1868 re

196 1910 296 1974 futari
311 1909 450 1992 possent,
475 1927 570 1989 quem
585 1927 756 1972 numerum
771 1910 865 1974 Riese
890 1909 931 1972 ad
951 1911 1167 1992 septenarium
1191 1911 1289 1988 auxit,
1312 1930 1421 1993 quam·

199 2035 296 2098 quarn
319 2016 372 2079 hio
394 2033 457 2078 non
481 2015 614 2078 eandem
638 2015 795 2081 rationem
817 2017 850 2078 in
871 2017 938 2080 eius
954 2017 1103 2081 carminis
1127 2018 1356 2100 compositione
1378 2019 1421 2081 iu-

199 2121 334 2186 dicanda
362 2122 465 2197 tenet,
496 2139 592 2202 quam
623 2122 676 2185 ille
707 2124 836 2187 secutus
867 2125 924 2186 est.
970 2123 1176 2187 Econtrario
1206 2124 1291 2188 enim
1312 2125 1366 2189 hio
1388 2142 1422 2188 aa

198 2229 346 2312 proponit
370 2230 558 2309 argumenta
583 2247 663 2309 quae
686 2229 845 2293 unitatem
867 2229 1004 2312 prodant
1027 2231 1066 2294 ab
1090 2231 1176 2294 exitu
1200 2231 1350 2295 carminis
1372 2249 1421 2313 pe·

198 2335 259 2399 tita
278 2336 310 2398 et
326 2353 363 2398 ea
379 2353 461 2415 quae
477 2334 679 2416 redarguant,
703 2354 893 2417 summaque
909 2335 975 2400 sere
996 2336 1064 2400 eius
1081 2336 1321 2420 disceptationis
1345 2337 1422 2401 haec

199 2443 262 2518 est,
292 2442 331 2504 ut
358 2443 432 2504 utra
462 2440 565 2523 opinio
595 2441 698 2505 verior
725 2441 768 2504 sit
798 2441 963 2506 diiudicari
993 2441 1086 2506 facile
1118 2461 1181 2506 non
1209 2444 1320 2526 possit
1366 2443 1422 2506 Ille

199 2549 309 2611 autem
345 2546 508 2611 exordium
543 2547 611 2611 eius
648 2547 796 2612 carminis
829 2567 847 2611 a
879 2549 1009 2630 reliquis
1037 2549 1183 2631 partibus
1211 2551 1422 2632 separandum

198 2654 276 2718 nihil
311 2653 427 2717 habere
461 2672 553 2736 posse
589 2673 756 2719 commune
785 2674 858 2719 oum
887 2656 937 2719 his
961 2656 1021 2719 sibi
1050 2657 1218 2738 persuasit.
1273 2655 1336 2721 Sed
1372 2657 1423 2738 qui

198 2761 379 2827 accuratius
404 2760 470 2824 eius
494 2759 560 2822 litis
585 2760 737 2842 originem
767 2762 800 2824 et
823 2760 965 2825 ordinem
987 2763 1136 2844 persequi
1158 2763 1251 2839 velit,
1278 2763 1424 2846 inspiciat

197 2870 236 2935 A.
251 2867 371 2932 Weisei
393 2867 517 2930 libellos
533 2865 612 2930 duos
637 2866 843 2932 scholasticos
868 2867 938 2930 Zcsr
953 2867 1070 2932 Krita't
1085 2869 1138 2932 des
1156 2865 1273 2932 Catutl.
1298 2869 1422 2933 Naum-

197 2975 277 3056 barp
308 2981 393 3040 1863
428 2993 458 3056 p.
485 2981 603 3038 1-13
640 2976 673 3037 et
701 2972 946 3056 Bemertuapea
979 2993 1021 3038 aa
1050 2972 1174 3038 Catulis
1207 2996 1232 3038 c.
1262 2977 1313 3038 68.
1337 2975 1424 3040 Zeita

200 3089 285 3148 1869
309 3101 339 3164 p.
359 3091 431 3162 lsq.
476 3082 523 3144 Aa
546 3080 741 3156 Lachmann,
764 3081 877 3164 Haupt
902 3083 1007 3162 etqui
1028 3083 1144 3146 horum
1167 3083 1311 3164 vestigiis
1334 3083 1422 3147 insti-

198 3189 308 3252 terunt
330 3187 365 3250 L.
387 3187 505 3251 Miller
528 3189 560 3250 et
582 3188 619 3250 B.
644 3186 790 3251 Schmidt
818 3207 919 3251 uuum
943 3206 1012 3252 esse
1035 3206 1163 3252 carmen
1185 3191 1311 3271 putant,
1335 3189 1422 3253 cuius

198 3293 332 3357 unitatis
364 3292 509 3357 defensor
545 3311 670 3375 quoque
700 3293 779 3357 satis
810 3283 943 3358 idoneus
973 3293 1097 3358 exstitit
1118 3294 1177 3358 Ad.
1201 3293 1366 3376 Kiessling
1394 3295 1423 3356 in

200 3399 353 3464 analectis
385 3397 575 3464 Catullianis
605 3399 890 3483 Gryphisw.1877
916 3400 978 3477 ed.,
1010 3401 1063 3482 qui
1098 3401 1131 3464 in
1165 3401 1424 3483 interpretatione

199 3525 267 3583 sue,
292 3524 389 3587 quam
412 3505 538 3588 saepius
563 3504 673 3571 afferre
697 3506 864 3583 debebam,
887 3509 996 3571 tamen
1019 3525 1083 3570 non
1106 3507 1192 3570 omni
1216 3507 1349 3572 artifieio
1374 3509 1425 3571 ab

200 3612 323 3677 stinuit.

288 3718 402 3799 Neque
425 3736 500 3781 vero
516 3718 591 3799 quia
616 3737 707 3815 tcasu
722 3709 868 3796 infeliei',
891 3722 930 3784 ut
953 3721 1074 3785 dictum
1098 3723 1156 3796 est,
1179 3719 1276 3784 codex
1291 3719 1320 3782 V
1336 3721 1424 3802 prius

127 3857 135 3868 ·
200 3843 330 3890 carmen
351 3825 371 3888 i.
395 3843 420 3888 e.
444 3845 472 3888 v.
497 3832 607 3890 1-40
630 3826 802 3890 interstitio
827 3827 934 3907 aliquo
965 3845 984 3890 a
1008 3826 1153 3907 sequenti
1178 3843 1324 3910 separare
1349 3826 1425 3891 omi·

200 3931 256 4009 sit,
286 3930 403 3995 idcirco
434 3931 513 3996 haec
543 3931 685 3996 carmina
707 3933 790 3996 inter
814 3951 847 3996 se
872 3932 1091 4014 coniungenda
1118 3951 1187 3997 esse
1212 3934 1425 4008 arbitrabitur,

200 4037 255 4120 qui
277 4037 461 4101 meminerit
483 4037 569 4102 idem
594 4039 778 4120 saepissime
803 4039 879 4102 alibi
901 4039 934 4103 in
958 4037 1077 4104 Catulli
1107 4039 1301 4104 carminibus
1324 4039 1424 4105 diver·

199 4144 244 4206 sis
269 4143 429 4208 accidisse.
475 4143 546 4208 Nisi
569 4143 609 4208 Η.
632 4144 779 4226 Magnus,
804 4145 859 4226 qui
883 4145 952 4208 aliis
975 4145 1009 4206 in
1031 4145 1127 4209 rebus
1150 4145 1254 4210 sobrio
1276 4165 1354 4210 usus
1378 4148 1425 4210 est

180 4248 325 4342 jiudicio,
338 4251 435 4330 atque
458 4249 491 4312 in
514 4249 575 4314 hoo
599 4250 737 4314 carmine
754 4250 910 4332 quaedam
933 4251 1051 4315 rectius
1076 4269 1173 4333 quam
1197 4252 1252 4316 alii
1275 4252 1355 4317 vidit
1375 4250 1424 4334 (cf.
