<?xml version="1.0" encoding="UTF-8"?>
<!DOCTYPE html PUBLIC "-//W3C//DTD XHTML 1.0 Transitional//EN"
    "http://www.w3.org/TR/xhtml1/DTD/xhtml1-transitional.dtd">
<html xmlns="http://www.w3.org/1999/xhtml" xml:lang="en" lang="en">
 <head>
  <title>
</title>
<meta http-equiv="Content-Type" content="text/html;charset=utf-8" />
  <meta name='ocr-system' content='tesseract 3.04.00' />
  <meta name='ocr-capabilities' content='ocr_page ocr_carea ocr_par ocr_line ocrx_word'/>
</head>
<body>
  <div class='ocr_page' id='page_1' title='image "./quaestonescatul00webegoog_0085.png"; bbox 0 0 2928 4724; ppageno 0'>
   <div class='ocr_carea' id='block_1_1' title="bbox 713 167 873 256">
    <p class='ocr_par' dir='ltr' id='par_1_1' title="bbox 713 167 873 256">
     <span class='ocr_line' id='line_1_1' title="bbox 713 167 873 256; baseline 0 -33"><span class='ocrx_word' id='word_1_1' title='bbox 713 167 873 256; x_wconf 37' lang='lat' dir='ltr'>*jc-</span> 
     </span>
    </p>
   </div>
   <div class='ocr_carea' id='block_1_2' title="bbox 172 348 1412 4270">
    <p class='ocr_par' dir='ltr' id='par_1_2' title="bbox 172 348 1412 1498">
     <span class='ocr_line' id='line_1_2' title="bbox 179 348 1410 436; baseline 0.002 -25"><span class='ocrx_word' id='word_1_2' title='bbox 179 348 242 412; x_wconf 69' lang='grc' dir='ltr'>ἄνη</span> <span class='ocrx_word' id='word_1_3' title='bbox 263 368 328 411; x_wconf 77' lang='lat' dir='ltr'>cur</span> <span class='ocrx_word' id='word_1_4' title='bbox 350 349 504 414; x_wconf 75' lang='lat' dir='ltr'>wdbrcnd</span> <span class='ocrx_word' id='word_1_5' title='bbox 525 350 583 415; x_wconf 82' lang='lat' dir='ltr'>der</span> <span class='ocrx_word' id='word_1_6' title='bbox 613 349 873 433; x_wconf 71' lang='lat' dir='ltr'>Vegetuticnseee&#39;l</span> <span class='ocrx_word' id='word_1_7' title='bbox 900 350 964 433; x_wconf 73' lang='lat' dir='ltr'>uus</span> <span class='ocrx_word' id='word_1_8' title='bbox 991 357 1071 417; x_wconf 76' lang='grc' dir='ltr'><em>ἄννα</em></span> <span class='ocrx_word' id='word_1_9' title='bbox 1094 351 1134 415; x_wconf 83' lang='grc'>50</span> <span class='ocrx_word' id='word_1_10' title='bbox 1159 350 1225 417; x_wconf 79' lang='lat' dir='ltr'>Um.</span> <span class='ocrx_word' id='word_1_11' title='bbox 1250 352 1347 436; x_wconf 70' lang='lat' dir='ltr'>lunge</span> <span class='ocrx_word' id='word_1_12' title='bbox 1376 354 1410 416; x_wconf 76' lang='lat' dir='ltr'>ie</span> 
     </span>
     <span class='ocr_line' id='line_1_3' title="bbox 180 453 1412 540; baseline 0.003 -22"><span class='ocrx_word' id='word_1_13' title='bbox 180 455 241 518; x_wconf 77' lang='lat' dir='ltr'>den</span> <span class='ocrx_word' id='word_1_14' title='bbox 261 453 378 519; x_wconf 78' lang='lat' dir='ltr'>Bodea</span> <span class='ocrx_word' id='word_1_15' title='bbox 402 456 550 537; x_wconf 76' lang='lat' dir='ltr'>pestecleie</span> <span class='ocrx_word' id='word_1_16' title='bbox 573 457 781 539; x_wconf 75' lang='lat' dir='ltr'>Holepubebe,</span> <span class='ocrx_word' id='word_1_17' title='bbox 810 458 863 523; x_wconf 82' lang='lat' dir='ltr'>die</span> <span class='ocrx_word' id='word_1_18' title='bbox 884 457 1009 523; x_wconf 66' lang='grc' dir='ltr'><em>ᾱὺνναᾶ</em></span> <span class='ocrx_word' id='word_1_19' title='bbox 1031 459 1068 522; x_wconf 78' lang='lat' dir='ltr'>ier</span> <span class='ocrx_word' id='word_1_20' title='bbox 1091 459 1184 540; x_wconf 80' lang='lat' dir='ltr'><strong><em>jeder</em></strong></span> <span class='ocrx_word' id='word_1_21' title='bbox 1206 459 1313 524; x_wconf 83' lang='lat' dir='ltr'>Hecke</span> <span class='ocrx_word' id='word_1_22' title='bbox 1343 459 1412 522; x_wconf 79' lang='lat' dir='ltr'>und</span> 
     </span>
     <span class='ocr_line' id='line_1_4' title="bbox 172 560 1410 647; baseline 0.003 -23"><span class='ocrx_word' id='word_1_23' title='bbox 172 561 278 644; x_wconf 81' lang='lat' dir='ltr'>jedem</span> <span class='ocrx_word' id='word_1_24' title='bbox 300 560 429 626; x_wconf 80' lang='lat' dir='ltr'>Busche</span> <span class='ocrx_word' id='word_1_25' title='bbox 452 561 544 627; x_wconf 81' lang='lat' dir='ltr'>leicbt</span> <span class='ocrx_word' id='word_1_26' title='bbox 566 583 607 629; x_wconf 76' lang='lat' dir='ltr'>eu</span> <span class='ocrx_word' id='word_1_27' title='bbox 630 563 774 630; x_wconf 81' lang='lat' dir='ltr'>erhalten</span> <span class='ocrx_word' id='word_1_28' title='bbox 795 565 883 640; x_wconf 76' lang='lat' dir='ltr'>aiod,</span> <span class='ocrx_word' id='word_1_29' title='bbox 908 563 1065 647; x_wconf 72' lang='lat' dir='ltr'>cuspelept</span> <span class='ocrx_word' id='word_1_30' title='bbox 1189 563 1260 630; x_wconf 81' lang='lat' dir='ltr'>Der</span> <span class='ocrx_word' id='word_1_31' title='bbox 1284 563 1410 631; x_wconf 72' lang='lat' dir='ltr'>sobole</span> 
     </span>
     <span class='ocr_line' id='line_1_5' title="bbox 178 667 1409 753; baseline 0.002 -21"><span class='ocrx_word' id='word_1_32' title='bbox 178 667 265 732; x_wconf 67' lang='lat' dir='ltr'>werd</span> <span class='ocrx_word' id='word_1_33' title='bbox 295 668 392 750; x_wconf 77' lang='lat' dir='ltr'>eeiiip</span> <span class='ocrx_word' id='word_1_34' title='bbox 422 669 467 733; x_wconf 83' lang='lat' dir='ltr'>im</span> <span class='ocrx_word' id='word_1_35' title='bbox 490 669 661 752; x_wconf 72' lang='lat' dir='ltr'>Fritbjabr</span> <span class='ocrx_word' id='word_1_36' title='bbox 694 691 931 753; x_wconf 79' lang='lat' dir='ltr'>uorpenommeu</span> <span class='ocrx_word' id='word_1_37' title='bbox 964 671 1035 735; x_wconf 80' lang='lat' dir='ltr'>uod</span> <span class='ocrx_word' id='word_1_38' title='bbox 1062 671 1216 736; x_wconf 78' lang='lat' dir='ltr'>uucbdem</span> <span class='ocrx_word' id='word_1_39' title='bbox 1247 671 1299 735; x_wconf 83' lang='lat' dir='ltr'>die</span> <span class='ocrx_word' id='word_1_40' title='bbox 1328 676 1409 735; x_wconf 81' lang='lat' dir='ltr'>erste</span> 
     </span>
     <span class='ocr_line' id='line_1_6' title="bbox 178 772 1409 858; baseline 0.004 -21"><span class='ocrx_word' id='word_1_41' title='bbox 178 772 498 858; x_wconf 74' lang='lat' dir='ltr'>Bedeobeurbeituup</span> <span class='ocrx_word' id='word_1_42' title='bbox 513 777 701 858; x_wconf 77' lang='lat' dir='ltr'>auspefelbrt</span> <span class='ocrx_word' id='word_1_43' title='bbox 716 779 766 856; x_wconf 81' lang='lat' dir='ltr'>ist,</span> <span class='ocrx_word' id='word_1_44' title='bbox 790 779 916 844; x_wconf 80' lang='lat' dir='ltr'>werden</span> <span class='ocrx_word' id='word_1_45' title='bbox 939 778 991 842; x_wconf 80' lang='lat' dir='ltr'>die</span> <span class='ocrx_word' id='word_1_46' title='bbox 1006 776 1158 844; x_wconf 78' lang='lat' dir='ltr'>Sebenbel</span> <span class='ocrx_word' id='word_1_47' title='bbox 1180 778 1247 858; x_wconf 79' lang='lat' dir='ltr'>auf</span> <span class='ocrx_word' id='word_1_48' title='bbox 1263 777 1316 842; x_wconf 81' lang='lat' dir='ltr'>die</span> <span class='ocrx_word' id='word_1_49' title='bbox 1332 777 1409 842; x_wconf 80' lang='lat' dir='ltr'>oben</span> 
     </span>
     <span class='ocr_line' id='line_1_7' title="bbox 178 879 1408 965; baseline 0.003 -21"><span class='ocrx_word' id='word_1_50' title='bbox 178 879 414 945; x_wconf 77' lang='lat' dir='ltr'>besrbrc&#39;ebeaen</span> <span class='ocrx_word' id='word_1_51' title='bbox 440 881 565 948; x_wconf 70' lang='lat' dir='ltr'>Gabale</span> <span class='ocrx_word' id='word_1_52' title='bbox 591 883 699 965; x_wconf 69' lang='lat' dir='ltr'>pelagi.</span> <span class='ocrx_word' id='word_1_53' title='bbox 752 882 919 949; x_wconf 82' lang='lat' dir='ltr'>Wc&#39;ibrend</span> <span class='ocrx_word' id='word_1_54' title='bbox 940 885 995 949; x_wconf 81' lang='lat' dir='ltr'>des</span> <span class='ocrx_word' id='word_1_55' title='bbox 1018 882 1177 950; x_wconf 81' lang='lat' dir='ltr'>Summers</span> <span class='ocrx_word' id='word_1_56' title='bbox 1203 884 1334 950; x_wconf 67' lang='lat' dir='ltr'>werdem</span> <span class='ocrx_word' id='word_1_57' title='bbox 1358 884 1408 948; x_wconf 82' lang='lat' dir='ltr'>die</span> 
     </span>
     <span class='ocr_line' id='line_1_8' title="bbox 178 986 1405 1074; baseline 0.003 -24"><span class='ocrx_word' id='word_1_58' title='bbox 178 986 324 1067; x_wconf 79' lang='lat' dir='ltr'>aufrecbt</span> <span class='ocrx_word' id='word_1_59' title='bbox 330 988 537 1054; x_wconf 77' lang='lat' dir='ltr'>woclesendeu</span> <span class='ocrx_word' id='word_1_60' title='bbox 546 988 657 1054; x_wconf 81' lang='lat' dir='ltr'>Triebe</span> <span class='ocrx_word' id='word_1_61' title='bbox 670 991 736 1071; x_wconf 82' lang='lat' dir='ltr'>auf</span> <span class='ocrx_word' id='word_1_62' title='bbox 741 993 821 1054; x_wconf 78' lang='lat' dir='ltr'>elwa</span> <span class='ocrx_word' id='word_1_63' title='bbox 832 990 1045 1056; x_wconf 75' lang='lat' dir='ltr'>eweiBlb&#39;tter</span> <span class='ocrx_word' id='word_1_64' title='bbox 1051 991 1234 1074; x_wconf 65' lang='lat' dir='ltr'>emoleret</span> <span class='ocrx_word' id='word_1_65' title='bbox 1244 991 1320 1055; x_wconf 83' lang='lat' dir='ltr'>oder</span> <span class='ocrx_word' id='word_1_66' title='bbox 1329 1011 1405 1054; x_wconf 80' lang='lat' dir='ltr'>aua-</span> 
     </span>
     <span class='ocr_line' id='line_1_9' title="bbox 176 1093 1406 1180; baseline 0.004 -22"><span class='ocrx_word' id='word_1_67' title='bbox 176 1093 348 1175; x_wconf 79' lang='lat' dir='ltr'>pebrocbeu</span> <span class='ocrx_word' id='word_1_68' title='bbox 376 1094 447 1160; x_wconf 80' lang='grc' dir='ltr'><em>ννννᾶ</em></span> <span class='ocrx_word' id='word_1_69' title='bbox 475 1097 531 1160; x_wconf 71' lang='grc' dir='ltr'>ἄεν</span> <span class='ocrx_word' id='word_1_70' title='bbox 553 1096 668 1161; x_wconf 76' lang='lat' dir='ltr'>Badeo</span> <span class='ocrx_word' id='word_1_71' title='bbox 698 1096 784 1161; x_wconf 81' lang='lat' dir='ltr'>wird</span> <span class='ocrx_word' id='word_1_72' title='bbox 805 1146 837 1160; x_wconf 92' lang='lat'>..</span> <span class='ocrx_word' id='word_1_73' title='bbox 868 1117 938 1162; x_wconf 86' lang='lat' dir='ltr'>com</span> <span class='ocrx_word' id='word_1_74' title='bbox 973 1097 1123 1164; x_wconf 77' lang='lat' dir='ltr'>Uubraut</span> <span class='ocrx_word' id='word_1_75' title='bbox 1151 1099 1224 1162; x_wconf 76' lang='lat' dir='ltr'>rein</span> <span class='ocrx_word' id='word_1_76' title='bbox 1252 1097 1406 1180; x_wconf 69' lang='lat' dir='ltr'>petuam,</span> 
     </span>
     <span class='ocr_line' id='line_1_10' title="bbox 178 1200 1406 1286; baseline 0.003 -22"><span class='ocrx_word' id='word_1_77' title='bbox 178 1200 247 1264; x_wconf 79' lang='lat' dir='ltr'>dies</span> <span class='ocrx_word' id='word_1_78' title='bbox 269 1200 347 1264; x_wconf 76' lang='lat' dir='ltr'>send</span> <span class='ocrx_word' id='word_1_79' title='bbox 368 1202 417 1266; x_wconf 75' lang='lat' dir='ltr'>tes</span> <span class='ocrx_word' id='word_1_80' title='bbox 438 1223 498 1266; x_wconf 78' lang='lat' dir='ltr'>rur</span> <span class='ocrx_word' id='word_1_81' title='bbox 521 1201 601 1268; x_wconf 81' lang='lat' dir='ltr'>Lese</span> <span class='ocrx_word' id='word_1_82' title='bbox 624 1203 677 1267; x_wconf 78' lang='lat' dir='ltr'>die</span> <span class='ocrx_word' id='word_1_83' title='bbox 699 1203 843 1285; x_wconf 70' lang='grc' dir='ltr'><em>ἄηνᾶρννν</em></span> <span class='ocrx_word' id='word_1_84' title='bbox 865 1203 1034 1281; x_wconf 80' lang='lat' dir='ltr'>Arbeiteu,</span> <span class='ocrx_word' id='word_1_85' title='bbox 1066 1204 1119 1268; x_wconf 82' lang='lat' dir='ltr'>die</span> <span class='ocrx_word' id='word_1_86' title='bbox 1149 1205 1206 1269; x_wconf 82' lang='lat' dir='ltr'>der</span> <span class='ocrx_word' id='word_1_87' title='bbox 1237 1202 1406 1286; x_wconf 77' lang='lat' dir='ltr'>Weiuberg</span> 
     </span>
     <span class='ocr_line' id='line_1_11' title="bbox 178 1308 1132 1394; baseline 0.004 -23"><span class='ocrx_word' id='word_1_88' title='bbox 178 1308 373 1373; x_wconf 81' lang='lat' dir='ltr'>uerursacbt.</span> <span class='ocrx_word' id='word_1_89' title='bbox 418 1310 523 1392; x_wconf 81' lang='lat' dir='ltr'>Igitur</span> <span class='ocrx_word' id='word_1_90' title='bbox 548 1329 646 1392; x_wconf 88' lang='lat' dir='ltr'>quam</span> <span class='ocrx_word' id='word_1_91' title='bbox 668 1312 849 1394; x_wconf 88' lang='lat' dir='ltr'>proponunt</span> <span class='ocrx_word' id='word_1_92' title='bbox 871 1311 1002 1375; x_wconf 82' lang='lat' dir='ltr'>iuvenes</span> <span class='ocrx_word' id='word_1_93' title='bbox 1025 1311 1132 1389; x_wconf 79' lang='lat' dir='ltr'>vitem,</span> 
     </span>
     <span class='ocr_line' id='line_1_12' title="bbox 292 1414 1178 1498; baseline 0 -16"><span class='ocrx_word' id='word_1_94' title='bbox 292 1423 332 1482; x_wconf 87' lang='lat'>53</span> <span class='ocrx_word' id='word_1_95' title='bbox 356 1415 455 1479; x_wconf 78' lang='lat' dir='ltr'>Hunc</span> <span class='ocrx_word' id='word_1_96' title='bbox 477 1414 563 1480; x_wconf 77' lang='lat' dir='ltr'>culli</span> <span class='ocrx_word' id='word_1_97' title='bbox 587 1415 756 1498; x_wconf 69' lang='lat' dir='ltr'>agricolae,</span> <span class='ocrx_word' id='word_1_98' title='bbox 780 1415 865 1480; x_wconf 79' lang='lat' dir='ltr'>ouili</span> <span class='ocrx_word' id='word_1_99' title='bbox 887 1415 1009 1481; x_wconf 80' lang='lat' dir='ltr'>reluere</span> <span class='ocrx_word' id='word_1_100' title='bbox 1032 1417 1178 1482; x_wconf 70' lang='lat' dir='ltr'>iuvaret:</span> 
     </span>
    </p>

    <p class='ocr_par' dir='ltr' id='par_1_3' title="bbox 180 1521 1041 1602">
     <span class='ocr_line' id='line_1_13' title="bbox 180 1521 1041 1602; baseline 0.002 -18"><span class='ocrx_word' id='word_1_101' title='bbox 180 1521 235 1602; x_wconf 91' lang='lat' dir='ltr'>qui</span> <span class='ocrx_word' id='word_1_102' title='bbox 258 1540 369 1586; x_wconf 85' lang='lat' dir='ltr'>versus</span> <span class='ocrx_word' id='word_1_103' title='bbox 393 1541 466 1586; x_wconf 82' lang='lat' dir='ltr'>mox</span> <span class='ocrx_word' id='word_1_104' title='bbox 488 1524 623 1588; x_wconf 87' lang='lat' dir='ltr'>mutatis</span> <span class='ocrx_word' id='word_1_105' title='bbox 647 1523 809 1588; x_wconf 78' lang='lat' dir='ltr'><strong>mutandis</strong></span> <span class='ocrx_word' id='word_1_106' title='bbox 832 1525 927 1588; x_wconf 88' lang='lat' dir='ltr'>rebus</span> <span class='ocrx_word' id='word_1_107' title='bbox 950 1524 1041 1588; x_wconf 87' lang='lat' dir='ltr'>redit.</span> 
     </span>
    </p>

    <p class='ocr_par' dir='ltr' id='par_1_4' title="bbox 177 1628 1406 2240">
     <span class='ocr_line' id='line_1_14' title="bbox 267 1628 1405 1714; baseline 0.004 -23"><span class='ocrx_word' id='word_1_108' title='bbox 267 1628 316 1692; x_wconf 79' lang='lat' dir='ltr'>lla</span> <span class='ocrx_word' id='word_1_109' title='bbox 339 1631 448 1693; x_wconf 85' lang='lat' dir='ltr'>autem</span> <span class='ocrx_word' id='word_1_110' title='bbox 472 1631 682 1712; x_wconf 86' lang='lat' dir='ltr'>comparatio,</span> <span class='ocrx_word' id='word_1_111' title='bbox 713 1630 774 1694; x_wconf 86' lang='lat' dir='ltr'>etsi</span> <span class='ocrx_word' id='word_1_112' title='bbox 805 1631 919 1713; x_wconf 89' lang='lat' dir='ltr'>probat</span> <span class='ocrx_word' id='word_1_113' title='bbox 941 1632 1070 1712; x_wconf 89' lang='lat' dir='ltr'>poetam</span> <span class='ocrx_word' id='word_1_114' title='bbox 1094 1631 1149 1712; x_wconf 92' lang='lat' dir='ltr'>qui</span> <span class='ocrx_word' id='word_1_115' title='bbox 1172 1632 1272 1695; x_wconf 87' lang='lat' dir='ltr'>talem</span> <span class='ocrx_word' id='word_1_116' title='bbox 1297 1651 1405 1714; x_wconf 78' lang='lat' dir='ltr'>propo</span> 
     </span>
     <span class='ocr_line' id='line_1_15' title="bbox 179 1733 1406 1814; baseline 0.002 -16"><span class='ocrx_word' id='word_1_117' title='bbox 179 1733 289 1811; x_wconf 90' lang='lat' dir='ltr'>suerit,</span> <span class='ocrx_word' id='word_1_118' title='bbox 313 1735 427 1799; x_wconf 86' lang='lat' dir='ltr'>vitium</span> <span class='ocrx_word' id='word_1_119' title='bbox 450 1737 602 1800; x_wconf 88' lang='lat' dir='ltr'>naturam</span> <span class='ocrx_word' id='word_1_120' title='bbox 625 1740 658 1800; x_wconf 94' lang='lat' dir='ltr'>et</span> <span class='ocrx_word' id='word_1_121' title='bbox 681 1737 805 1800; x_wconf 86' lang='lat' dir='ltr'>cultum</span> <span class='ocrx_word' id='word_1_122' title='bbox 829 1738 907 1802; x_wconf 89' lang='lat' dir='ltr'>bene</span> <span class='ocrx_word' id='word_1_123' title='bbox 931 1755 1033 1814; x_wconf 91' lang='lat' dir='ltr'>nosse,</span> <span class='ocrx_word' id='word_1_124' title='bbox 1064 1740 1172 1802; x_wconf 87' lang='lat' dir='ltr'>tamen</span> <span class='ocrx_word' id='word_1_125' title='bbox 1196 1757 1256 1802; x_wconf 89' lang='lat' dir='ltr'>nec</span> <span class='ocrx_word' id='word_1_126' title='bbox 1280 1738 1320 1801; x_wconf 92' lang='lat' dir='ltr'>ad</span> <span class='ocrx_word' id='word_1_127' title='bbox 1345 1739 1406 1802; x_wconf 93' lang='lat' dir='ltr'>sin·</span> 
     </span>
     <span class='ocr_line' id='line_1_16' title="bbox 179 1842 1404 1924; baseline 0.002 -19"><span class='ocrx_word' id='word_1_128' title='bbox 179 1842 324 1924; x_wconf 90' lang='lat' dir='ltr'>gularem</span> <span class='ocrx_word' id='word_1_129' title='bbox 352 1842 502 1907; x_wconf 83' lang='lat' dir='ltr'>Lesbiam</span> <span class='ocrx_word' id='word_1_130' title='bbox 532 1844 673 1924; x_wconf 83' lang='lat' dir='ltr'>aliquam</span> <span class='ocrx_word' id='word_1_131' title='bbox 701 1863 760 1908; x_wconf 90' lang='lat' dir='ltr'>nec</span> <span class='ocrx_word' id='word_1_132' title='bbox 789 1844 829 1907; x_wconf 83' lang='lat' dir='ltr'>ad</span> <span class='ocrx_word' id='word_1_133' title='bbox 857 1845 1036 1908; x_wconf 86' lang='lat' dir='ltr'>Romanam</span> <span class='ocrx_word' id='word_1_134' title='bbox 1066 1844 1140 1907; x_wconf 84' lang='lat' dir='ltr'>vitis</span> <span class='ocrx_word' id='word_1_135' title='bbox 1171 1845 1332 1908; x_wconf 89' lang='lat' dir='ltr'>culturam</span> <span class='ocrx_word' id='word_1_136' title='bbox 1362 1845 1404 1907; x_wconf 84' lang='lat' dir='ltr'>ita</span> 
     </span>
     <span class='ocr_line' id='line_1_17' title="bbox 177 1949 1405 2033; baseline 0.001 -21"><span class='ocrx_word' id='word_1_137' title='bbox 177 1949 324 2032; x_wconf 86' lang='lat' dir='ltr'>pertinet,</span> <span class='ocrx_word' id='word_1_138' title='bbox 355 1952 392 2014; x_wconf 91' lang='lat' dir='ltr'>ut</span> <span class='ocrx_word' id='word_1_139' title='bbox 415 1950 483 2014; x_wconf 89' lang='lat' dir='ltr'>siue</span> <span class='ocrx_word' id='word_1_140' title='bbox 507 1969 545 2014; x_wconf 87' lang='lat' dir='ltr'>ea</span> <span class='ocrx_word' id='word_1_141' title='bbox 568 1951 744 2033; x_wconf 79' lang='lat' dir='ltr'>cognitione</span> <span class='ocrx_word' id='word_1_142' title='bbox 769 1952 913 2032; x_wconf 89' lang='lat' dir='ltr'>cognosci</span> <span class='ocrx_word' id='word_1_143' title='bbox 935 1951 1005 2033; x_wconf 89' lang='lat' dir='ltr'>ipsa</span> <span class='ocrx_word' id='word_1_144' title='bbox 1028 1969 1091 2014; x_wconf 91' lang='lat' dir='ltr'>non</span> <span class='ocrx_word' id='word_1_145' title='bbox 1114 1950 1225 2033; x_wconf 82' lang='lat' dir='ltr'>possit,</span> <span class='ocrx_word' id='word_1_146' title='bbox 1255 1951 1312 2014; x_wconf 90' lang='lat' dir='ltr'>sed</span> <span class='ocrx_word' id='word_1_147' title='bbox 1334 1970 1405 2015; x_wconf 88' lang='lat' dir='ltr'>ccu-</span> 
     </span>
     <span class='ocr_line' id='line_1_18' title="bbox 178 2057 1404 2139; baseline 0 -19"><span class='ocrx_word' id='word_1_148' title='bbox 178 2057 307 2120; x_wconf 85' lang='lat' dir='ltr'>veniens</span> <span class='ocrx_word' id='word_1_149' title='bbox 332 2059 381 2120; x_wconf 85' lang='lat' dir='ltr'>est</span> <span class='ocrx_word' id='word_1_150' title='bbox 404 2058 460 2122; x_wconf 92' lang='lat' dir='ltr'>uni</span> <span class='ocrx_word' id='word_1_151' title='bbox 477 2058 591 2139; x_wconf 89' lang='lat' dir='ltr'>cuique</span> <span class='ocrx_word' id='word_1_152' title='bbox 616 2058 746 2139; x_wconf 86' lang='lat' dir='ltr'>regioni,</span> <span class='ocrx_word' id='word_1_153' title='bbox 769 2058 802 2120; x_wconf 90' lang='lat' dir='ltr'>in</span> <span class='ocrx_word' id='word_1_154' title='bbox 826 2077 889 2139; x_wconf 91' lang='lat' dir='ltr'>qua</span> <span class='ocrx_word' id='word_1_155' title='bbox 906 2058 1036 2139; x_wconf 89' lang='lat' dir='ltr'>quidem</span> <span class='ocrx_word' id='word_1_156' title='bbox 1059 2058 1141 2122; x_wconf 85' lang='lat' dir='ltr'>vites</span> <span class='ocrx_word' id='word_1_157' title='bbox 1165 2059 1352 2134; x_wconf 90' lang='lat' dir='ltr'>nascuntur,</span> <span class='ocrx_word' id='word_1_158' title='bbox 1375 2060 1404 2120; x_wconf 88' lang='lat' dir='ltr'>et</span> 
     </span>
     <span class='ocr_line' id='line_1_19' title="bbox 179 2162 1348 2240; baseline 0.001 -15"><span class='ocrx_word' id='word_1_159' title='bbox 179 2162 300 2226; x_wconf 83' lang='lat' dir='ltr'>confert</span> <span class='ocrx_word' id='word_1_160' title='bbox 323 2166 451 2228; x_wconf 84' lang='lat' dir='ltr'>tantum</span> <span class='ocrx_word' id='word_1_161' title='bbox 476 2165 582 2240; x_wconf 88' lang='lat' dir='ltr'>vitem,</span> <span class='ocrx_word' id='word_1_162' title='bbox 606 2165 657 2228; x_wconf 92' lang='lat' dir='ltr'>cui</span> <span class='ocrx_word' id='word_1_163' title='bbox 681 2165 808 2228; x_wconf 88' lang='lat' dir='ltr'>cultura</span> <span class='ocrx_word' id='word_1_164' title='bbox 831 2164 1008 2240; x_wconf 82' lang='lat' dir='ltr'>adhibetur,</span> <span class='ocrx_word' id='word_1_165' title='bbox 1033 2183 1106 2227; x_wconf 92' lang='lat' dir='ltr'>cum</span> <span class='ocrx_word' id='word_1_166' title='bbox 1129 2164 1194 2227; x_wconf 87' lang='lat' dir='ltr'>vite</span> <span class='ocrx_word' id='word_1_167' title='bbox 1217 2164 1348 2227; x_wconf 88' lang='lat' dir='ltr'>inculta.</span> 
     </span>
    </p>

    <p class='ocr_par' dir='ltr' id='par_1_5' title="bbox 270 2269 932 2353">
     <span class='ocr_line' id='line_1_20' title="bbox 270 2269 932 2353; baseline -0.002 -19"><span class='ocrx_word' id='word_1_168' title='bbox 270 2269 332 2334; x_wconf 84' lang='lat' dir='ltr'>Sed</span> <span class='ocrx_word' id='word_1_169' title='bbox 355 2289 526 2353; x_wconf 88' lang='lat' dir='ltr'>pergamus</span> <span class='ocrx_word' id='word_1_170' title='bbox 551 2271 591 2334; x_wconf 92' lang='lat' dir='ltr'>ad</span> <span class='ocrx_word' id='word_1_171' title='bbox 615 2289 725 2335; x_wconf 86' lang='lat' dir='ltr'>versus</span> <span class='ocrx_word' id='word_1_172' title='bbox 751 2279 792 2337; x_wconf 79' lang='lat'>54</span> <span class='ocrx_word' id='word_1_173' title='bbox 817 2273 849 2334; x_wconf 87' lang='lat' dir='ltr'>et</span> <span class='ocrx_word' id='word_1_174' title='bbox 873 2279 932 2336; x_wconf 84' lang='lat'>55:</span> 
     </span>
    </p>

    <p class='ocr_par' dir='ltr' id='par_1_6' title="bbox 356 2376 1202 2458">
     <span class='ocr_line' id='line_1_21' title="bbox 356 2376 1202 2458; baseline -0.001 -18"><span class='ocrx_word' id='word_1_175' title='bbox 356 2376 402 2440; x_wconf 79' lang='lat' dir='ltr'>At</span> <span class='ocrx_word' id='word_1_176' title='bbox 424 2377 453 2441; x_wconf 86' lang='lat' dir='ltr'>si</span> <span class='ocrx_word' id='word_1_177' title='bbox 474 2377 556 2458; x_wconf 78' lang='lat' dir='ltr'>forte</span> <span class='ocrx_word' id='word_1_178' title='bbox 578 2377 687 2441; x_wconf 79' lang='lat' dir='ltr'>eodem</span> <span class='ocrx_word' id='word_1_179' title='bbox 710 2380 755 2440; x_wconf 81' lang='lat' dir='ltr'>est</span> <span class='ocrx_word' id='word_1_180' title='bbox 777 2377 862 2441; x_wconf 81' lang='lat' dir='ltr'>ulmo</span> <span class='ocrx_word' id='word_1_181' title='bbox 885 2377 1054 2440; x_wconf 68' lang='lat' dir='ltr'>cco-iuuetur</span> <span class='ocrx_word' id='word_1_182' title='bbox 1076 2377 1202 2452; x_wconf 78' lang='lat' dir='ltr'>marito,</span> 
     </span>
    </p>

    <p class='ocr_par' dir='ltr' id='par_1_7' title="bbox 176 2482 1402 3420">
     <span class='ocr_line' id='line_1_22' title="bbox 355 2482 1184 2566; baseline -0.001 -20"><span class='ocrx_word' id='word_1_183' title='bbox 355 2482 458 2548; x_wconf 81' lang='lat' dir='ltr'>Mulli</span> <span class='ocrx_word' id='word_1_184' title='bbox 481 2483 573 2548; x_wconf 82' lang='lat' dir='ltr'>illum</span> <span class='ocrx_word' id='word_1_185' title='bbox 597 2483 765 2566; x_wconf 73' lang='lat' dir='ltr'>agricolae,</span> <span class='ocrx_word' id='word_1_186' title='bbox 789 2483 882 2548; x_wconf 79' lang='lat' dir='ltr'>multi</span> <span class='ocrx_word' id='word_1_187' title='bbox 905 2483 1027 2548; x_wconf 83' lang='lat' dir='ltr'>coluere</span> <span class='ocrx_word' id='word_1_188' title='bbox 1049 2483 1184 2547; x_wconf 77' lang='lat' dir='ltr'>iuuenci.</span> 
     </span>
     <span class='ocr_line' id='line_1_23' title="bbox 177 2590 1402 2674; baseline -0.002 -20"><span class='ocrx_word' id='word_1_189' title='bbox 177 2591 225 2654; x_wconf 81' lang='lat' dir='ltr'>llx</span> <span class='ocrx_word' id='word_1_190' title='bbox 249 2591 485 2672; x_wconf 85' lang='lat' dir='ltr'>aequabilitatis</span> <span class='ocrx_word' id='word_1_191' title='bbox 509 2591 589 2672; x_wconf 87' lang='lat' dir='ltr'>lege,</span> <span class='ocrx_word' id='word_1_192' title='bbox 613 2610 677 2673; x_wconf 88' lang='lat' dir='ltr'>qua</span> <span class='ocrx_word' id='word_1_193' title='bbox 693 2603 802 2655; x_wconf 86' lang='lat' dir='ltr'>omnes</span> <span class='ocrx_word' id='word_1_194' title='bbox 826 2594 934 2674; x_wconf 87' lang='lat' dir='ltr'>partes</span> <span class='ocrx_word' id='word_1_195' title='bbox 958 2591 1107 2673; x_wconf 86' lang='lat' dir='ltr'>strophae</span> <span class='ocrx_word' id='word_1_196' title='bbox 1132 2592 1164 2654; x_wconf 88' lang='lat' dir='ltr'>et</span> <span class='ocrx_word' id='word_1_197' title='bbox 1188 2590 1402 2672; x_wconf 89' lang='lat' dir='ltr'>antistrophae</span> 
     </span>
     <span class='ocr_line' id='line_1_24' title="bbox 177 2696 1402 2780; baseline -0.002 -20"><span class='ocrx_word' id='word_1_198' title='bbox 177 2700 337 2774; x_wconf 89' lang='lat' dir='ltr'>tenentur,</span> <span class='ocrx_word' id='word_1_199' title='bbox 360 2697 441 2761; x_wconf 90' lang='lat' dir='ltr'>illud</span> <span class='ocrx_word' id='word_1_200' title='bbox 462 2696 544 2777; x_wconf 79' lang='lat' dir='ltr'>forle</span> <span class='ocrx_word' id='word_1_201' title='bbox 567 2698 739 2780; x_wconf 84' lang='lat' dir='ltr'>respondet</span> <span class='ocrx_word' id='word_1_202' title='bbox 762 2698 883 2762; x_wconf 90' lang='lat' dir='ltr'>notioni</span> <span class='ocrx_word' id='word_1_203' title='bbox 905 2698 939 2761; x_wconf 92' lang='lat' dir='ltr'>in</span> <span class='ocrx_word' id='word_1_204' title='bbox 963 2698 1094 2780; x_wconf 87' lang='lat' dir='ltr'>stropha</span> <span class='ocrx_word' id='word_1_205' title='bbox 1121 2716 1177 2780; x_wconf 90' lang='lat' dir='ltr'>per</span> <span class='ocrx_word' id='word_1_206' title='bbox 1200 2700 1334 2776; x_wconf 84' lang='lat' dir='ltr'>carptus</span> <span class='ocrx_word' id='word_1_207' title='bbox 1357 2697 1402 2760; x_wconf 82' lang='lat' dir='ltr'>vel</span> 
     </span>
     <span class='ocr_line' id='line_1_25' title="bbox 177 2803 1401 2887; baseline -0.002 -19"><span class='ocrx_word' id='word_1_208' title='bbox 177 2804 299 2887; x_wconf 89' lang='lat' dir='ltr'>potius,</span> <span class='ocrx_word' id='word_1_209' title='bbox 331 2807 368 2868; x_wconf 86' lang='lat' dir='ltr'>ut</span> <span class='ocrx_word' id='word_1_210' title='bbox 392 2805 646 2882; x_wconf 84' lang='lat' dir='ltr'>emendavimus,</span> <span class='ocrx_word' id='word_1_211' title='bbox 676 2823 733 2887; x_wconf 90' lang='lat' dir='ltr'>per</span> <span class='ocrx_word' id='word_1_212' title='bbox 755 2803 897 2884; x_wconf 82' lang='lat' dir='ltr'>scalptus</span> <span class='ocrx_word' id='word_1_213' title='bbox 920 2805 1093 2878; x_wconf 82' lang='lat' dir='ltr'>indicatae3</span> <span class='ocrx_word' id='word_1_214' title='bbox 1129 2804 1321 2868; x_wconf 91' lang='lat' dir='ltr'>sicutenim</span> <span class='ocrx_word' id='word_1_215' title='bbox 1342 2823 1401 2866; x_wconf 93' lang='lat' dir='ltr'>non</span> 
     </span>
     <span class='ocr_line' id='line_1_26' title="bbox 176 2909 1401 2993; baseline -0.002 -18"><span class='ocrx_word' id='word_1_216' title='bbox 176 2930 306 2976; x_wconf 88' lang='lat' dir='ltr'>neeesse</span> <span class='ocrx_word' id='word_1_217' title='bbox 331 2915 381 2976; x_wconf 87' lang='lat' dir='ltr'>est</span> <span class='ocrx_word' id='word_1_218' title='bbox 398 2931 472 2976; x_wconf 88' lang='lat' dir='ltr'>cum</span> <span class='ocrx_word' id='word_1_219' title='bbox 487 2911 599 2975; x_wconf 87' lang='lat' dir='ltr'>florem</span> <span class='ocrx_word' id='word_1_220' title='bbox 623 2913 723 2993; x_wconf 91' lang='lat' dir='ltr'>ungui</span> <span class='ocrx_word' id='word_1_221' title='bbox 746 2912 844 2988; x_wconf 90' lang='lat' dir='ltr'>laedi,</span> <span class='ocrx_word' id='word_1_222' title='bbox 869 2912 925 2976; x_wconf 89' lang='lat' dir='ltr'>sed</span> <span class='ocrx_word' id='word_1_223' title='bbox 949 2911 976 2974; x_wconf 90' lang='lat' dir='ltr'>si</span> <span class='ocrx_word' id='word_1_224' title='bbox 991 2912 1098 2974; x_wconf 89' lang='lat' dir='ltr'>laesus</span> <span class='ocrx_word' id='word_1_225' title='bbox 1114 2911 1166 2986; x_wconf 87' lang='lat' dir='ltr'>sit,</span> <span class='ocrx_word' id='word_1_226' title='bbox 1190 2909 1401 2985; x_wconf 87' lang='lat' dir='ltr'>deflorescere,</span> 
     </span>
     <span class='ocr_line' id='line_1_27' title="bbox 176 3017 1402 3101; baseline -0.003 -19"><span class='ocrx_word' id='word_1_227' title='bbox 176 3017 254 3083; x_wconf 91' lang='lat' dir='ltr'>item</span> <span class='ocrx_word' id='word_1_228' title='bbox 279 3018 336 3082; x_wconf 89' lang='lat' dir='ltr'>viti</span> <span class='ocrx_word' id='word_1_229' title='bbox 359 3019 386 3082; x_wconf 91' lang='lat' dir='ltr'>si</span> <span class='ocrx_word' id='word_1_230' title='bbox 409 3018 490 3084; x_wconf 81' lang='lat' dir='ltr'>sorte</span> <span class='ocrx_word' id='word_1_231' title='bbox 514 3018 656 3083; x_wconf 85' lang='lat' dir='ltr'>escendit</span> <span class='ocrx_word' id='word_1_232' title='bbox 672 3019 712 3083; x_wconf 89' lang='lat' dir='ltr'>ad</span> <span class='ocrx_word' id='word_1_233' title='bbox 728 3019 853 3082; x_wconf 88' lang='lat' dir='ltr'>ulmum</span> <span class='ocrx_word' id='word_1_234' title='bbox 877 3018 1044 3101; x_wconf 87' lang='lat' dir='ltr'>applicata,</span> <span class='ocrx_word' id='word_1_235' title='bbox 1067 3019 1160 3098; x_wconf 90' lang='lat' dir='ltr'>longe</span> <span class='ocrx_word' id='word_1_236' title='bbox 1185 3017 1248 3080; x_wconf 86' lang='lat' dir='ltr'>alia</span> <span class='ocrx_word' id='word_1_237' title='bbox 1272 3017 1402 3098; x_wconf 90' lang='lat' dir='ltr'>obtingit</span> 
     </span>
     <span class='ocr_line' id='line_1_28' title="bbox 176 3123 1399 3206; baseline -0.002 -18"><span class='ocrx_word' id='word_1_238' title='bbox 176 3141 245 3188; x_wconf 89' lang='lat' dir='ltr'>sors</span> <span class='ocrx_word' id='word_1_239' title='bbox 270 3127 367 3206; x_wconf 88' lang='lat' dir='ltr'>atque</span> <span class='ocrx_word' id='word_1_240' title='bbox 390 3125 438 3189; x_wconf 89' lang='lat' dir='ltr'>illi</span> <span class='ocrx_word' id='word_1_241' title='bbox 461 3125 583 3190; x_wconf 89' lang='lat' dir='ltr'>viduae.</span> <span class='ocrx_word' id='word_1_242' title='bbox 623 3123 712 3203; x_wconf 85' lang='lat' dir='ltr'>Quae</span> <span class='ocrx_word' id='word_1_243' title='bbox 737 3127 786 3188; x_wconf 91' lang='lat' dir='ltr'>est</span> <span class='ocrx_word' id='word_1_244' title='bbox 809 3143 846 3188; x_wconf 93' lang='lat' dir='ltr'>ea</span> <span class='ocrx_word' id='word_1_245' title='bbox 870 3127 961 3188; x_wconf 82' lang='lat' dir='ltr'>sors?</span> <span class='ocrx_word' id='word_1_246' title='bbox 996 3125 1136 3206; x_wconf 85' lang='lat' dir='ltr'>Apparet</span> <span class='ocrx_word' id='word_1_247' title='bbox 1159 3123 1239 3187; x_wconf 88' lang='lat' dir='ltr'>illud</span> <span class='ocrx_word' id='word_1_248' title='bbox 1263 3123 1399 3198; x_wconf 86' lang='lat' dir='ltr'>indicari,</span> 
     </span>
     <span class='ocr_line' id='line_1_29' title="bbox 177 3230 1398 3313; baseline -0.002 -19"><span class='ocrx_word' id='word_1_249' title='bbox 177 3230 276 3295; x_wconf 86' lang='lat' dir='ltr'>talem</span> <span class='ocrx_word' id='word_1_250' title='bbox 300 3232 399 3296; x_wconf 85' lang='lat' dir='ltr'>vitem</span> <span class='ocrx_word' id='word_1_251' title='bbox 421 3251 485 3296; x_wconf 89' lang='lat' dir='ltr'>nou</span> <span class='ocrx_word' id='word_1_252' title='bbox 508 3232 642 3313; x_wconf 86' lang='lat' dir='ltr'>neglegi,</span> <span class='ocrx_word' id='word_1_253' title='bbox 676 3231 732 3295; x_wconf 88' lang='lat' dir='ltr'>sed</span> <span class='ocrx_word' id='word_1_254' title='bbox 756 3231 916 3295; x_wconf 90' lang='lat' dir='ltr'>observari</span> <span class='ocrx_word' id='word_1_255' title='bbox 939 3233 972 3294; x_wconf 95' lang='lat' dir='ltr'>et</span> <span class='ocrx_word' id='word_1_256' title='bbox 995 3231 1055 3294; x_wconf 92' lang='lat' dir='ltr'>coli</span> <span class='ocrx_word' id='word_1_257' title='bbox 1078 3249 1097 3294; x_wconf 86' lang='lat' dir='ltr'>a</span> <span class='ocrx_word' id='word_1_258' title='bbox 1119 3231 1231 3294; x_wconf 92' lang='lat' dir='ltr'>multis</span> <span class='ocrx_word' id='word_1_259' title='bbox 1256 3230 1398 3312; x_wconf 78' lang='lat' dir='ltr'>agricolis</span> 
     </span>
     <span class='ocr_line' id='line_1_30' title="bbox 178 3338 635 3420; baseline 0 -20"><span class='ocrx_word' id='word_1_260' title='bbox 178 3338 211 3401; x_wconf 86' lang='lat' dir='ltr'>et</span> <span class='ocrx_word' id='word_1_261' title='bbox 234 3338 261 3401; x_wconf 89' lang='lat' dir='ltr'>si</span> <span class='ocrx_word' id='word_1_262' title='bbox 284 3338 332 3401; x_wconf 90' lang='lat' dir='ltr'>dis</span> <span class='ocrx_word' id='word_1_263' title='bbox 356 3339 461 3420; x_wconf 88' lang='lat' dir='ltr'>placet</span> <span class='ocrx_word' id='word_1_264' title='bbox 484 3357 503 3402; x_wconf 87' lang='lat' dir='ltr'>a</span> <span class='ocrx_word' id='word_1_265' title='bbox 526 3339 635 3403; x_wconf 90' lang='lat' dir='ltr'>bobus.</span> 
     </span>
    </p>

    <p class='ocr_par' dir='ltr' id='par_1_8' title="bbox 176 3442 1406 4270">
     <span class='ocr_line' id='line_1_31' title="bbox 267 3442 1402 3526; baseline -0.002 -18"><span class='ocrx_word' id='word_1_266' title='bbox 267 3446 313 3508; x_wconf 90' lang='lat' dir='ltr'>Ac</span> <span class='ocrx_word' id='word_1_267' title='bbox 335 3445 475 3526; x_wconf 89' lang='lat' dir='ltr'>primum</span> <span class='ocrx_word' id='word_1_268' title='bbox 498 3445 548 3508; x_wconf 92' lang='lat' dir='ltr'>his</span> <span class='ocrx_word' id='word_1_269' title='bbox 572 3445 747 3508; x_wconf 89' lang='lat' dir='ltr'>rationibus</span> <span class='ocrx_word' id='word_1_270' title='bbox 772 3443 952 3507; x_wconf 80' lang='lat' dir='ltr'>defenditur</span> <span class='ocrx_word' id='word_1_271' title='bbox 979 3442 1062 3522; x_wconf 79' lang='lat' dir='ltr'>forte</span> <span class='ocrx_word' id='word_1_272' title='bbox 1087 3461 1106 3506; x_wconf 90' lang='lat' dir='ltr'>a</span> <span class='ocrx_word' id='word_1_273' title='bbox 1129 3445 1308 3508; x_wconf 84' lang='lat' dir='ltr'>tentamine</span> <span class='ocrx_word' id='word_1_274' title='bbox 1333 3445 1402 3508; x_wconf 90' lang='lat' dir='ltr'>olim</span> 
     </span>
     <span class='ocr_line' id='line_1_32' title="bbox 176 3537 1402 3642; baseline -0.002 -28"><span class='ocrx_word' id='word_1_275' title='bbox 176 3551 277 3628; x_wconf 85' lang='lat' dir='ltr'>facto,</span> <span class='ocrx_word' id='word_1_276' title='bbox 301 3570 375 3615; x_wconf 92' lang='lat' dir='ltr'>cum</span> <span class='ocrx_word' id='word_1_277' title='bbox 397 3551 536 3627; x_wconf 88' lang='lat' dir='ltr'>Ramler,</span> <span class='ocrx_word' id='word_1_278' title='bbox 562 3569 657 3632; x_wconf 87' lang='lat' dir='ltr'>quem</span> <span class='ocrx_word' id='word_1_279' title='bbox 681 3553 810 3614; x_wconf 84' lang='lat' dir='ltr'>secutus</span> <span class='ocrx_word' id='word_1_280' title='bbox 834 3552 884 3613; x_wconf 87' lang='lat' dir='ltr'>est</span> <span class='ocrx_word' id='word_1_281' title='bbox 906 3549 1080 3625; x_wconf 88' lang='lat' dir='ltr'>Baehrens,</span> <span class='ocrx_word' id='word_1_282' title='bbox 1106 3537 1210 3642; x_wconf 46' lang='lat' dir='ltr'>‘forti&#39;</span> <span class='ocrx_word' id='word_1_283' title='bbox 1237 3553 1402 3633; x_wconf 89' lang='lat' dir='ltr'>reponeret</span> 
     </span>
     <span class='ocr_line' id='line_1_33' title="bbox 177 3643 1404 3754; baseline 0 -33"><span class='ocrx_word' id='word_1_284' title='bbox 177 3657 197 3721; x_wconf 88' lang='lat' dir='ltr'>i.</span> <span class='ocrx_word' id='word_1_285' title='bbox 221 3677 246 3722; x_wconf 88' lang='lat' dir='ltr'>e.</span> <span class='ocrx_word' id='word_1_286' title='bbox 273 3643 463 3754; x_wconf 69' lang='lat' dir='ltr'>trobustae&#39;,</span> <span class='ocrx_word' id='word_1_287' title='bbox 487 3676 550 3739; x_wconf 88' lang='lat' dir='ltr'>qua</span> <span class='ocrx_word' id='word_1_288' title='bbox 573 3657 700 3722; x_wconf 88' lang='lat' dir='ltr'>notione</span> <span class='ocrx_word' id='word_1_289' title='bbox 725 3675 801 3721; x_wconf 90' lang='lat' dir='ltr'>sane</span> <span class='ocrx_word' id='word_1_290' title='bbox 818 3656 977 3720; x_wconf 89' lang='lat' dir='ltr'>sententia</span> <span class='ocrx_word' id='word_1_291' title='bbox 1001 3657 1223 3739; x_wconf 76' lang='lat' dir='ltr'>corrumpitur.</span> <span class='ocrx_word' id='word_1_292' title='bbox 1270 3657 1356 3721; x_wconf 88' lang='lat' dir='ltr'>Nam</span> <span class='ocrx_word' id='word_1_293' title='bbox 1372 3659 1404 3720; x_wconf 89' lang='lat' dir='ltr'>ut</span> 
     </span>
     <span class='ocr_line' id='line_1_34' title="bbox 176 3762 1404 3839; baseline -0.002 -10"><span class='ocrx_word' id='word_1_294' title='bbox 176 3765 233 3829; x_wconf 89' lang='lat' dir='ltr'>illa</span> <span class='ocrx_word' id='word_1_295' title='bbox 261 3764 363 3828; x_wconf 80' lang='lat' dir='ltr'>aidau</span> <span class='ocrx_word' id='word_1_296' title='bbox 393 3764 431 3827; x_wconf 80' lang='lat' dir='ltr'>iu</span> <span class='ocrx_word' id='word_1_297' title='bbox 457 3764 544 3828; x_wconf 78' lang='lat' dir='ltr'>cudo</span> <span class='ocrx_word' id='word_1_298' title='bbox 567 3781 645 3826; x_wconf 82' lang='lat' dir='ltr'>creo</span> <span class='ocrx_word' id='word_1_299' title='bbox 674 3763 751 3826; x_wconf 81' lang='lat' dir='ltr'>bitis</span> <span class='ocrx_word' id='word_1_300' title='bbox 773 3781 838 3826; x_wconf 88' lang='lat' dir='ltr'>una</span> <span class='ocrx_word' id='word_1_301' title='bbox 862 3766 994 3827; x_wconf 90' lang='lat' dir='ltr'>tantum</span> <span class='ocrx_word' id='word_1_302' title='bbox 1018 3764 1070 3826; x_wconf 89' lang='lat' dir='ltr'>est</span> <span class='ocrx_word' id='word_1_303' title='bbox 1093 3765 1125 3827; x_wconf 89' lang='lat' dir='ltr'>et</span> <span class='ocrx_word' id='word_1_304' title='bbox 1148 3762 1306 3839; x_wconf 88' lang='lat' dir='ltr'>solitaria,</span> <span class='ocrx_word' id='word_1_305' title='bbox 1330 3764 1404 3828; x_wconf 90' lang='lat' dir='ltr'>item</span> 
     </span>
     <span class='ocr_line' id='line_1_35' title="bbox 177 3869 1404 3952; baseline -0.003 -16"><span class='ocrx_word' id='word_1_306' title='bbox 177 3873 229 3937; x_wconf 89' lang='lat' dir='ltr'>hic</span> <span class='ocrx_word' id='word_1_307' title='bbox 257 3890 323 3936; x_wconf 87' lang='lat' dir='ltr'>una</span> <span class='ocrx_word' id='word_1_308' title='bbox 353 3872 427 3936; x_wconf 84' lang='lat' dir='ltr'>ritis</span> <span class='ocrx_word' id='word_1_309' title='bbox 459 3874 492 3935; x_wconf 90' lang='lat' dir='ltr'>et</span> <span class='ocrx_word' id='word_1_310' title='bbox 515 3870 713 3952; x_wconf 85' lang='lat' dir='ltr'>significatur</span> <span class='ocrx_word' id='word_1_311' title='bbox 746 3873 778 3934; x_wconf 93' lang='lat' dir='ltr'>et</span> <span class='ocrx_word' id='word_1_312' title='bbox 806 3870 901 3934; x_wconf 85' lang='lat' dir='ltr'>debet</span> <span class='ocrx_word' id='word_1_313' title='bbox 924 3869 1114 3950; x_wconf 89' lang='lat' dir='ltr'>significari,</span> <span class='ocrx_word' id='word_1_314' title='bbox 1138 3869 1263 3933; x_wconf 86' lang='lat' dir='ltr'>diversa</span> <span class='ocrx_word' id='word_1_315' title='bbox 1287 3871 1328 3934; x_wconf 83' lang='lat' dir='ltr'>ab</span> <span class='ocrx_word' id='word_1_316' title='bbox 1351 3870 1404 3934; x_wconf 92' lang='lat' dir='ltr'>illa</span> 
     </span>
     <span class='ocr_line' id='line_1_36' title="bbox 177 3975 1404 4059; baseline -0.004 -16"><span class='ocrx_word' id='word_1_317' title='bbox 177 3981 305 4044; x_wconf 88' lang='lat' dir='ltr'>tantum</span> <span class='ocrx_word' id='word_1_318' title='bbox 336 3979 397 4042; x_wconf 89' lang='lat' dir='ltr'>hac</span> <span class='ocrx_word' id='word_1_319' title='bbox 425 3997 475 4055; x_wconf 94' lang='lat' dir='ltr'>re,</span> <span class='ocrx_word' id='word_1_320' title='bbox 510 3977 594 4058; x_wconf 91' lang='lat' dir='ltr'>qnod</span> <span class='ocrx_word' id='word_1_321' title='bbox 623 3977 740 4040; x_wconf 88' lang='lat' dir='ltr'>marita</span> <span class='ocrx_word' id='word_1_322' title='bbox 769 3976 854 4040; x_wconf 84' lang='lat' dir='ltr'>facta</span> <span class='ocrx_word' id='word_1_323' title='bbox 885 3977 935 4040; x_wconf 77' lang='lat' dir='ltr'>ert</span> <span class='ocrx_word' id='word_1_324' title='bbox 958 3977 1053 4039; x_wconf 90' lang='lat' dir='ltr'>ulmo.</span> <span class='ocrx_word' id='word_1_325' title='bbox 1099 3975 1285 4059; x_wconf 83' lang='lat' dir='ltr'>Proponunt</span> <span class='ocrx_word' id='word_1_326' title='bbox 1307 3976 1404 4058; x_wconf 84' lang='lat' dir='ltr'>igitur</span> 
     </span>
     <span class='ocr_line' id='line_1_37' title="bbox 177 4082 1404 4166; baseline -0.003 -17"><span class='ocrx_word' id='word_1_327' title='bbox 177 4087 307 4149; x_wconf 84' lang='lat' dir='ltr'>iuvenes</span> <span class='ocrx_word' id='word_1_328' title='bbox 330 4085 502 4166; x_wconf 84' lang='lat' dir='ltr'>imaginem</span> <span class='ocrx_word' id='word_1_329' title='bbox 524 4083 572 4148; x_wconf 93' lang='lat' dir='ltr'>illi</span> <span class='ocrx_word' id='word_1_330' title='bbox 595 4082 692 4166; x_wconf 92' lang='lat' dir='ltr'>priori</span> <span class='ocrx_word' id='word_1_331' title='bbox 715 4083 924 4147; x_wconf 84' lang='lat' dir='ltr'>contrariam:</span> <span class='ocrx_word' id='word_1_332' title='bbox 948 4082 1128 4163; x_wconf 86' lang='lat' dir='ltr'>neglegitur</span> <span class='ocrx_word' id='word_1_333' title='bbox 1152 4083 1236 4166; x_wconf 91' lang='lat' dir='ltr'>prior</span> <span class='ocrx_word' id='word_1_334' title='bbox 1259 4083 1317 4146; x_wconf 89' lang='lat' dir='ltr'>illa</span> <span class='ocrx_word' id='word_1_335' title='bbox 1333 4083 1404 4148; x_wconf 85' lang='lat' dir='ltr'>vitis</span> 
     </span>
     <span class='ocr_line' id='line_1_38' title="bbox 178 4189 1406 4270; baseline -0.002 -16"><span class='ocrx_word' id='word_1_336' title='bbox 178 4191 218 4254; x_wconf 83' lang='lat' dir='ltr'>ab</span> <span class='ocrx_word' id='word_1_337' title='bbox 242 4191 388 4255; x_wconf 90' lang='lat' dir='ltr'>omnibus</span> <span class='ocrx_word' id='word_1_338' title='bbox 412 4191 561 4270; x_wconf 87' lang='lat' dir='ltr'>omnique</span> <span class='ocrx_word' id='word_1_339' title='bbox 585 4191 673 4254; x_wconf 88' lang='lat' dir='ltr'>caret</span> <span class='ocrx_word' id='word_1_340' title='bbox 696 4190 801 4263; x_wconf 90' lang='lat' dir='ltr'>cultu;</span> <span class='ocrx_word' id='word_1_341' title='bbox 837 4189 952 4253; x_wconf 87' lang='lat' dir='ltr'>colitur</span> <span class='ocrx_word' id='word_1_342' title='bbox 983 4191 1015 4252; x_wconf 88' lang='lat' dir='ltr'>et</span> <span class='ocrx_word' id='word_1_343' title='bbox 1038 4207 1112 4253; x_wconf 92' lang='lat' dir='ltr'>cum</span> <span class='ocrx_word' id='word_1_344' title='bbox 1141 4208 1217 4254; x_wconf 90' lang='lat' dir='ltr'>cura</span> <span class='ocrx_word' id='word_1_345' title='bbox 1247 4191 1406 4254; x_wconf 87' lang='lat' dir='ltr'>tractatur</span> 
     </span>
    </p>
   </div>
   <div class='ocr_carea' id='block_1_3' title="bbox 0 0 1468 4724">
    <p class='ocr_par' dir='ltr' id='par_1_9' title="bbox 0 0 1468 4724">
     <span class='ocr_line' id='line_1_39' title="bbox 0 0 1468 4724; baseline 0 0"><span class='ocrx_word' id='word_1_346' title='bbox 0 0 1468 4724; x_wconf 95' lang='lat' dir='ltr'> </span> 
     </span>
    </p>
   </div>
  </div>
 </body>
</html>
