2928 4724
116 423 187 487 Iam
209 426 320 501 restat,
343 428 380 488 ut
404 444 612 507 quaeramus,
635 447 714 490 num
738 427 814 508 quid
845 427 892 492 de
916 445 1109 491 versuum
1134 429 1257 492 amis-

38 548 163 594 sorum
185 551 346 596 numero
371 537 408 596 81
430 533 567 597 811188
591 535 737 615 88888881
759 534 867 616 possit.

117 640 163 701 18
184 637 388 702 Laohmanno
412 640 465 703 vla
488 639 628 704 dubitari
651 659 743 722 posse
766 641 870 705 visum
895 644 960 717 est,
990 641 1067 722 quin
1090 643 1164 724 post
1186 659 1258 704 ver-

38 761 102 805 sum
125 751 164 808 32
189 745 323 827 paginae
347 745 428 810 duae
451 746 481 810 11.
506 765 533 810 8.
557 747 721 828 sexaginta
744 766 855 811 versus
884 747 1052 830 perierint,
1082 746 1258 811 secundum

39 867 86 912 eas
115 851 253 915 rationes
285 851 322 915 de
351 852 456 917 oodioe
482 853 653 934 archetypo
676 853 787 929 initas,
811 871 890 934 quas
920 854 952 916 in
982 853 1174 918 1888888818
1198 853 1259 918 Oa·

37 957 107 1019 tullo
130 961 259 1022 seoutus
284 961 340 1022 881.
387 957 491 1037 Quam
524 960 719 1023 sententiam
750 960 811 1022 etsi
840 960 988 1042 plerique
1019 960 1111 1024 hodie
1140 960 1259 1042 impro-

38 1063 113 1140 bant,
136 1063 175 1128 de
201 1083 263 1146 qua
288 1064 437 1129 Sohwabe
461 1066 494 1128 in
516 1064 614 1148 prael.
638 1065 784 1130 editionis
807 1067 921 1149 prioris
943 1086 973 1149 p.
994 1067 1157 1147 XXIqu.
1182 1085 1256 1130 oum

36 1170 112 1234 11818
135 1172 196 1234 viri
219 1172 337 1235 summi
360 1172 551 1236 verecundia
574 1172 718 1255 exposuit
748 1175 781 1236 et
809 1177 883 1254 post
909 1174 995 1237 huno
1025 1173 1127 1238 denuo
1159 1191 1256 1254 quae·

36 1276 102 1340 dam
130 1277 170 1341 ad
208 1297 280 1342 eam
316 1279 434 1343 reotius
468 1279 716 1361 intellegendam
747 1280 858 1343 attulit
886 1279 921 1344 L.
951 1281 1068 1344 Mulier
1095 1281 1127 1344 in
1157 1279 1256 1363 prael.

35 1403 59 1464 p.
79 1383 243 1462 VII-IX,
266 1389 375 1450 tamen
398 1390 614 1470 contemptam
638 1390 671 1451 et
694 1387 850 1452 abiectam
874 1389 988 1470 putare
1011 1405 1067 1469 per
1091 1387 1174 1450 tanti
1196 1387 1257 1450 viri

36 1492 252 1556 auctoritatem
275 1493 364 1556 nullo
386 1493 479 1557 modo
508 1494 626 1558 1188181.
673 1491 878 1574 Quamquam
901 1493 944 1556 M.
968 1492 1081 1576 Haupt
1110 1493 1257 1557 defensor

35 1599 188 1677 quondam
213 1599 280 1663 eius
305 1601 482 1664 sententiae
506 1601 679 1665 acerrimus
703 1599 754 1682 (ef.
779 1618 827 1682 op.
849 1599 901 1663 Π]
923 1619 953 1682 p.
976 1600 1031 1682 36)
1054 1602 1166 1682 888188
1187 1599 1256 1681 1888

34 1704 67 1766 ab
89 1723 125 1767 ea
147 1707 282 1770 18888811
305 1705 356 1788 (ol.
380 1726 427 1788 op.
450 1706 467 1769 Ι
489 1726 518 1789 p.
545 1707 599 1788 34)
608 1707 635 1783 *,
659 1705 743 1787 quod
767 1705 805 1770 de
829 1706 899 1768 aliis
924 1724 1050 1787 quoqne
1075 1706 1256 1770 hominibus

34 1810 126 1875 doctis
156 1813 310 1877 indioavit
332 1813 371 1877 H.
394 1814 533 1895 Magnus
555 1811 598 1876 N.
623 1811 758 1877 Jabrbb.
786 1820 847 1876 113
873 1811 987 1895 (1876)
1017 1833 1047 1896 p.
1070 1821 1144 1878 406.
1192 1811 1256 1876 Sed

33 1917 109 1981 enim
137 1919 219 1982 88118
250 1922 376 1984 8818181
404 1919 488 2001 qnod
519 1920 679 2001 quondam
707 1919 742 1982 P.
769 1919 892 1983 Bbhme
920 1919 954 1981 18
986 1921 1108 2000 quaest.
1139 1918 1256 1983 Catuli.

33 2042 57 2104 p.
80 2032 116 2089 21
144 2043 204 2088 sno
226 2025 295 2089 1118
320 2026 406 2103 11111,
433 2025 661 2118 ί8811811818
685 2025 773 2089 nasei
797 2044 833 2089 81
863 2025 1041 2106 cognitione
1064 2025 1256 2107 paginarum

34 2129 61 2192 18
83 2133 255 2215 arohetypo
277 2133 458 2216 partitionis
482 2120 625 2197 luorum'

115 2238 179 2303 Sed
204 2257 242 2303 88
266 2243 315 2303 881
337 2240 371 2303 18
393 2240 453 2304 boo
476 2241 543 2304 1888
567 2240 645 2303 81118
670 2239 797 2306 81111888
822 2239 970 2316 88111818,
993 2241 1031 2302 81
1046 2237 1200 2302 indioium
1216 2237 1255 2302 de

33 2344 159 2410 lacunae
185 2347 309 2410 ambitu
331 2366 394 2410 non
417 2347 555 2429 pendeat
579 2366 617 2411 ex
636 2346 692 2410 illa
709 2347 892 2427 quaestione
909 2345 947 2410 de
968 2364 1122 2409 versuum
1139 2345 1255 2409 8811818

35 2453 194 2536 archetypi
218 2453 439 2517 distributione
463 2453 669 2517 instituenda.
715 2453 827 2535 Neque
850 2471 924 2518 vero
947 2451 1056 2535 profioi
1081 2452 1257 2532 quidquam

32 2563 139 2640 potest,
164 2561 293 2624 etiamsi
314 2561 446 2624 nimiam
469 2561 560 2624 illam
582 2561 784 2637 anxietatem,
808 2578 872 2641 qua
887 2559 1026 2642 88181181
1041 2559 1101 2623 viri
1117 2559 1201 2622 dooti
1217 2558 1256 2622 de

33 2683 124 2746 parva
147 2669 280 2730 tantum
309 2667 424 2731 laouna
454 2668 606 2749 suspioari
638 2668 849 2750 perhibentur
869 2686 888 2730 a
911 2667 1034 2731 Bonino
1057 2667 1078 2728 l.
1102 2685 1128 2729 8.
1150 2685 1179 2747 p.
1207 2676 1256 2740 11,

32 2773 118 2852 plane
142 2775 324 2838 eruerimus
349 2776 406 2838 aut
429 2775 596 2838 audaoiam
620 2774 782 2855 quandam
799 2774 1040 2855 sumpserimus,
1064 2791 1161 2853 quam
1176 2772 1257 2835 nihil

33 2878 189 2946 deterreat
213 2883 246 2945 81
270 2899 351 2962 quae
378 2880 553 2977 tvaticinari
569 2869 729 2945 didioerit'
754 2881 805 2944 vel
825 2869 982 2976 ι818181’;
1007 2882 1040 2942 81
1064 2879 1148 2960 quod
1170 2878 1256 2942 idem

31 2989 166 3067 188811.
195 3007 221 3051 8.
250 3008 279 3070 p.
314 2997 331 3053 9
360 2988 522 3070 probabile
553 2988 673 3069 aliquid
703 2988 755 3052 1118
787 2986 921 3050 divinari
951 3005 1060 3068 posse,
1087 2985 1120 3048 id
1148 2985 1257 3068 ipsum

32 3095 236 3158 temerarium
259 3096 318 3170 est,
340 3113 400 3158 neo
422 3095 529 3158 minus
546 3095 640 3157 inane
657 3113 754 3175 quam
769 3094 859 3170 illud,
883 3092 967 3174 qnod
984 3092 1134 3174 quoniam
1151 3092 1257 3155 omnia

32 3198 149 3264 1888118
173 3203 294 3264 818181
318 3202 466 3276 obseura,
496 3219 533 3265 88
563 3201 700 3264 manime
729 3200 926 3264 dubitatione
956 3199 1187 3263 sententiarum
1218 3197 1256 3264 de

31 3308 178 3370 881811818
203 3316 244 3371 62
269 3307 472 3390 dispositione
488 3327 641 3390 magnam
656 3307 875 3372 diversitatem
892 3307 1038 3371 effaetam
1061 3325 1130 3370 8888
1153 3307 1258 3388 putat.

32 3411 240 3478 Redeundum
264 3415 375 3478 estad
409 3417 591 3479 aoouratam
619 3416 714 3479 huius
744 3415 805 3478 1881
835 3409 1146 3496 interpretationem,
1176 3413 1259 3495 opti-

32 3537 115 3584 mam
140 3521 167 3585 si
190 3541 253 3585 non
276 3522 471 3586 vaticinandi
495 3524 637 3586 8188118
661 3520 824 3585 divinandi
847 3521 1053 3601 magistram,
1083 3537 1146 3600 qua
1176 3518 1256 3583 1888

31 3627 228 3708 arrogantiae
259 3629 396 3710 88881881
428 3631 513 3692 88118
537 3628 741 3710 8188181118,
772 3645 853 3708 quae
882 3627 1027 3709 inprimis
1055 3625 1090 3690 L.
1120 3625 1256 3690 Mdllero

34 3732 62 3795 in
92 3735 282 3798 coniecturis
316 3735 354 3799 de
383 3735 537 3800 11881888
576 3735 729 3799 faoiendis
759 3734 891 3798 vitanda
921 3751 990 3797 esse
1020 3732 1187 3797 videbatur
1218 3732 1256 3796 of.
1302 3787 1305 3792 .

34 3841 126 3919 praef.
151 3842 271 3924 81188.
295 3841 414 3905 XXHI.

119 3950 166 4013 Ao
187 3950 328 4031 primum
359 3949 487 4030 quidem
511 3948 648 4012 vidimus
679 3966 807 4012 versum
839 3955 897 4022 32,
929 3965 1025 4027 quem
1053 3947 1127 4028 post
1156 3945 1258 4008 Laoh·
1340 3995 1343 4000 .

34 4069 183 4118 mannum
208 4074 316 4119 omnes
341 4058 469 4138 8188818
489 4055 524 4117 L.
540 4054 684 4131 Muliero,
709 4071 906 4134 quamquam
927 4052 965 4116 de
989 4054 1056 4115 toto
1080 4053 1148 4114 loeo
1164 4050 1256 4132 longe

36 4160 123 4225 aliter
146 4162 264 4226 statuit
287 4181 324 4227 88
351 4161 484 4246 888181.
514 4161 611 4243 praef.
640 4181 669 4243 p.
693 4160 805 4224 XXIII
813 4158 888 4242 sq),
920 4158 1046 4222 initium
1076 4158 1257 4240 puellarum

36 4269 179 4333 carminis
205 4287 273 4333 esse
304 4269 490 4345 voluerunt,
520 4287 595 4331 eum
624 4268 730 4331 loonm
760 4284 823 4329 non
854 4265 1043 4341 obtinuisse,
1074 4264 1130 4328 sed
1158 4264 1257 4328 alium
