2934 4742
632 179 790 272 —S-h—

89 383 130 428 ea
162 364 312 448 Sapphus
347 367 444 430 verba
475 367 609 449 exempli
638 369 787 433 rhetorici
816 369 884 432 loco
913 369 1040 443 attuht;
1071 368 1214 432 ohorioae
1245 369 1322 432 artis

87 473 220 536 nullam
244 473 412 537 scientiam
442 473 493 537 vel
520 473 658 538 habebat
688 475 739 538 vel
767 475 991 557 profitebatur,
1022 475 1105 566 sicut
1127 474 1322 556 Hephaestio

88 581 225 644 tantum
258 579 426 643 metricam
456 580 614 661 spectavit
642 580 828 646 divisionem
858 582 892 645 in
926 583 986 646 hoc
1015 577 1204 663 μυουμνιόυ,
1238 580 1322 661 quod

90 685 221 762 dicitur,
245 687 391 768 exemplo
413 687 698 750 commemorando.

185 791 340 856 Similiter
362 792 446 856 inter
477 791 556 856 duos
581 793 837 858 distribuendum
867 794 993 858 videtur
1023 793 1060 857 ir.
1093 803 1154 858 101
1187 793 1235 855 Β8
1267 793 1322 876 (-

89 897 207 963 Galen.
229 901 326 980 protr.
350 918 375 962 o.
400 897 450 980 8):

230 994 309 1070 a'O
331 1001 474 1089 μὲνγὰρ
499 1003 607 1084 κάλος,
632 1001 727 1070 ὅσσον
749 1002 831 1094 ἴδην,
856 1005 992 1072 πέλεται
1015 1005 1182 1093 (ἄμαθος),

89 1111 144 1175 oui
168 1111 381 1193 respondetur

229 1205 310 1282 b’O
333 1215 369 1281 δὲ
392 1215 540 1301 *Synaos
564 1215 682 1282 α’ύτικα
706 1217 763 1283 καὶ
786 1217 886 1295 κάλος
908 1213 1045 1283 ἔσσεται.

183 1323 307 1388 (lentior
330 1343 368 1387 ea
390 1323 575 1388 distributio
602 1328 652 1388 est
681 1326 714 1388 in
744 1325 782 1389 fr.
812 1329 853 1390 98
883 1325 935 1388 B³
965 1326 1021 1409 (=
1050 1327 1223 1410 Hephaest.
1254 1325 1320 1411 45),

88 1431 179 1512 quod
205 1430 245 1493 ad
267 1430 438 1495 maledicta
462 1434 494 1494 ct
518 1432 734 1496 cavillationes
757 1432 909 1514 pertinet,
941 1433 1057 1514 quibus
1087 1433 1189 1498 iocose
1219 1435 1320 1498 incre-

86 1538 215 1619 pabant
237 1537 362 1619 puellae
385 1535 535 1622 θυρωρόν
557 1538 576 1600 i.
600 1557 626 1602 e.
649 1539 826 1615 ianitorem,
850 1538 1000 1604 καλεῖται
1024 1537 1060 1603 δέ
1086 1563 1137 1616 τις
1170 1552 1234 1604 τῶν
1262 1549 1321 1605 τοῦ

86 1638 233 1729 νυμφίου
256 1638 362 1728 φίλων
385 1642 441 1706 καὶ
465 1643 623 1730 θυρωρός,
648 1643 755 1721 ὁταῖς
770 1645 892 1730 θύραις
914 1643 1109 1732 ἐφεστηκώς,
1133 1643 1190 1710 καὶ
1206 1640 1319 1732 εἴργων

86 1751 151 1826 τὰς
175 1751 331 1833 γυναῖκας
352 1751 488 1837 βοηθεῖν
509 1749 552 1837 τῇ
574 1749 681 1838 νύμφη
704 1751 812 1837 βοώοη
836 1751 961 1833 (Pollux
983 1751 1034 1814 ΙΠ
1059 1761 1087 1828 3,
1111 1751 1184 1834 42):

418 1855 560 1942 Θυρώρῳ
584 1856 684 1933 πόδες
706 1852 924 1943 ἐπτορόγυιοι,

418 1964 468 2026 Τὰ
490 1961 527 2027 δὲ
549 1962 705 2045 σάμβαλα
728 1962 935 2050 nemotollet,

413 2065 573 2153 Hlooyyot
597 2068 633 2134 δὲ
656 2057 727 2134 δέκ’
753 2067 960 2148 ternovena.
1033 2149 1035 2153 ι

88 2178 183 2241 Talia
206 2179 355 2260 poemata
377 2177 480 2258 magis
504 2179 580 2258 apta
603 2181 672 2242 esse
697 2177 736 2240 ad
759 2177 979 2240 recitationem
1004 2196 1101 2258 quam
1125 2177 1165 2240 ad
1189 2184 1320 2240 cantum

89 2284 321 2348 animadvertit
350 2283 533 2348 Demetrius
569 2280 646 2368 περὶ
681 2278 750 2370 ἓρμ.
786 2303 811 2347 c.
850 2291 929 2348 167:
965 2282 1071 2360 ἄλλως
1105 2281 1142 2348 δὲ
1176 2284 1320 2347 σκώπτει

89 2387 255 2476 (Σαπφὼ)
278 2390 333 2454 τὸν
355 2388 504 2474 ἀγροῖκον
525 2386 664 2476 νυμφίον
686 2386 743 2453 καὶ
766 2390 823 2456 τὸν
845 2390 994 2476 θυρωρὸν
1021 2390 1077 2454 τὸν
1105 2387 1138 2454 ἐν
1166 2391 1236 2466 τοῖς
1265 2388 1321 2473 γά·

88 2520 168 2579 μοις
191 2493 405 2561 εὐτελέστατα
428 2493 485 2560 καὶ
509 2493 542 2560 ἐν
564 2494 678 2575 πεζοῖς
702 2493 839 2578 ὀνόμασι
861 2495 985 2578 μᾶλλον
1014 2497 1034 2584 ἢ
1061 2495 1095 2561 ἐν
1124 2499 1320 2583 ποιητικοῖς.

90 2606 176 2668 ὥστε
199 2600 298 2689 αὐτῆς
320 2601 442 2684 μᾶλλον
465 2600 534 2666 ἐστι
556 2603 599 2666 τὰ
618 2603 790 2690 ποιήματα
812 2613 918 2667 ταῦτα
942 2601 1155 2687 διαλέγεσθαι
1179 2590 1319 2690 defricta,

90 2697 165 2775 οὔδ’
192 2709 230 2774 dv
254 2708 396 2793 ἁρμόσαι
419 2709 504 2794 πρὸς
526 2709 582 2774 τὸν
602 2710 697 2796 χορὸν
719 2710 740 2796 ἢ
762 2711 847 2796 π’ρὸς
870 2712 927 2797 τὴν
950 2710 1056 2794 λύραν,
1088 2706 1117 2774 εἰ
1145 2711 1241 2796 μήτις
1270 2703 1319 2796 εἴη

88 2816 186 2900 χορὸς
208 2814 420 2892 διαλεκτικός.
465 2818 548 2898 Apte
571 2816 670 2897 igitur
692 2817 771 2880 haec
794 2819 840 2880 ita
864 2819 992 2880 cantata
1007 2817 1119 2898 lingas,
1143 2819 1179 2878 ut
1194 2817 1319 2898 puellae

92 2925 156 2987 aha
187 2923 284 2986 aliam
320 2923 454 3002 singulis
491 2924 635 2986 versibus
665 2924 855 3005 excipientes
891 2924 1059 2986 ianitorem
1089 2922 1230 3002 undique
1259 2922 1319 2984 hac

91 3030 310 3095 conviciorum
332 3029 364 3092 vi
387 3031 419 3092 et
441 3029 647 3092 multitudine
671 3032 852 3112 correptum
877 3031 969 3110 quasi
992 3030 1136 3092 obruant.

184 3136 300 3200 Restat
323 3135 427 3199 adhuc
457 3155 558 3199 unum
589 3137 769 3218 exemplum
792 3137 826 3198 in
855 3139 891 3200 t'r.
925 3145 987 3201 109
1019 3130 1066 3198 B*
1094 3135 1319 3216 interrogantis

91 3242 220 3329 νύμφης
243 3244 276 3306 et
299 3242 519 3324 respondentis
538 3243 730 3323 virginitatis
754 3243 803 3306 his
827 3242 903 3308 iocis
927 3243 1080 3306 dissimile
1105 3242 1242 3323 quidem,
1265 3241 1320 3306 sed

93 3350 178 3431 qnod
203 3349 335 3412 eandem
359 3349 461 3431 poesis
490 3350 644 3425 indolem,
674 3350 872 3415 mimeticum
903 3350 982 3414 illud
1012 3350 1170 3424 studium,
1200 3348 1320 3430 prodat.

95 3457 250 3552 ‘Omnino
273 3456 409 3519 maxime
434 3458 565 3519 actuosa
588 3455 685 3520 luisse
711 3456 857 3539 Sapphus
887 3446 1105 3539 epithalamia'
1138 3457 1197 3520 hoc
1228 3455 1321 3518 collo·

94 3564 207 3644 quium
238 3563 275 3625 B.
300 3562 474 3627 Schmidtio
505 3563 538 3624 in
568 3564 685 3645 proleg.
708 3583 738 3645 p.
761 3563 878 3627 LXXV
903 3564 1071 3628 videbatur
1095 3563 1319 3638 demonstrare,

94 3671 149 3751 qui
173 3672 339 3752 praeterea
365 3669 634 3764 (petulantissima
662 3670 718 3732 illa
748 3669 786 3734 do
816 3670 946 3734 custode
978 3670 1113 3733 thalami
1141 3669 1320 3750 fragmenta

92 3796 157 3840 non
179 3795 272 3858 posse
296 3779 382 3840 recte
405 3763 563 3856 intellegi’
592 3775 769 3853 iudicabat,
802 3777 878 3872 tnisi
907 3777 940 3840 in
970 3777 1109 3841 carmine
1141 3794 1178 3838 er
1202 3793 1263 3855 quo
1286 3775 1320 3837 hi

93 3901 206 3948 versus
228 3882 358 3946 dehbati
382 3885 457 3945 sunt
480 3883 612 3946 chorum
635 3884 815 3965 puellarum
839 3903 912 3947 cum
935 3901 1105 3966 puerorum
1130 3882 1223 3944 choro
1254 3899 1320 3943 cer-

93 3990 213 4053 tavisse
238 3976 461 4053 sumeremus'.
508 3988 571 4052 Sed
594 3990 663 4071 ipsa
687 4009 724 4054 ea
747 3991 928 4072 fragmenta
952 3989 1048 4053 etiam
1078 4007 1163 4051 nuno
1192 3987 1224 4049 id
1254 4005 1321 4050 oer—
1347 3995 1352 4002 '

94 4099 203 4162 tamen
226 4095 374 4178 produnt.

182 4202 221 4266 In
244 4202 305 4266 hac
335 4205 444 4266 autem
474 4201 618 4265 veritatis
649 4202 842 4279 imitatione,
874 4203 934 4266 etsi
963 4202 1085 4283 poetria
1108 4201 1222 4266 Lesbia
1252 4205 1320 4266 tota
