2934 4742
602 181 763 276 „ffl-

66 382 156 446 quae
179 383 200 430 a
221 365 323 449 Libya
344 365 501 449 Indiaque
531 370 564 434 et
593 371 695 435 cassin
723 371 812 436 leone
844 372 969 438 obviam
999 372 1083 437 facto
1113 372 1178 438 vim
1207 391 1299 438 suam

62 471 233 555 recipiant,
257 473 403 538 concludi
424 493 516 556 posse
541 475 745 542 Alexandrini
769 478 918 543 carminis
941 478 1162 544 imitationem.

160 684 199 749 V.
232 685 272 750 In
295 687 444 752 carminis
466 687 542 754 LXI
564 689 708 754 versibus
732 697 863 758 21—25
880 690 977 772 virgo,
1000 690 1085 772 quod
1108 691 1300 756 vocabulum

67 810 150 887 ‘uon
173 792 240 858 aine
264 811 362 857 causa
384 794 524 875 graviter
546 795 580 858 in
601 795 698 860 finam
721 798 771 861 est
793 797 957 874 reiectum,
981 799 1049 862 tam
1075 797 1228 862 nimirum
1259 797 1300 862 ad

64 895 264 964 efferendam
285 899 504 981 vtrginitatem
517 900 675 966 intactam
691 921 789 984 quam
812 903 853 968 ad
869 903 1100 968 adnectendam
1118 905 1191 986 apte
1216 923 1300 969 com·

62 1005 268 1087 parationem
292 994 494 1087 sequentem'
522 1007 720 1094 (Baehrens),
742 1009 808 1074 tam
831 1010 876 1074 sio
898 1009 1118 1093 praedicatur:

246 1109 396 1176 Florida
417 1111 502 1178 celat
524 1113 648 1180 eniteas

247 1216 381 1300 Myrtus
402 1217 489 1284 Asia
511 1219 659 1300 romulis,

251 1325 336 1406 Quos
357 1323 609 1410 Haorodryodes
632 1327 709 1392 deae

247 1430 428 1496 hodierum
451 1432 514 1498 sthi
536 1433 642 1498 rosido

249 1535 411 1604 Nutriant
432 1538 573 1604 humore.

63 1643 107 1710 In
132 1663 228 1710 versu
250 1643 459 1711 Pherecrateo
482 1645 535 1711 hic
558 1648 657 1712 semel
680 1648 807 1712 omnino
831 1647 989 1732 spondens
1012 1665 1069 1730 pro
1094 1646 1220 1729 dactylo
1244 1664 1299 1729 po·

63 1751 151 1816 situs
175 1751 386 1835 suspicionem
408 1755 531 1831 movet,
555 1771 618 1836 qua
648 1753 682 1818 in
711 1754 839 1818 licentia
866 1772 1027 1835 nusquam
1055 1753 1130 1818 alibi
1158 1753 1298 1818 admissa

63 1857 201 1923 offendIt
222 1857 290 1922 iure
314 1858 351 1921 Β.
376 1857 522 1924 Schmidt
543 1859 577 1923 in
601 1859 673 1924 adu.
696 1860 764 1924 crit.
793 1879 823 1944 p.
855 1859 1000 1925 CXVIII.
1052 1859 1137 1924 Nam
1167 1877 1299 1924 excusa·

63 1965 190 2030 donem
217 1964 295 2028 satis
318 1964 466 2030 idoneam
488 1984 538 2043 oa,
563 1984 644 2048 quae
667 1965 703 2030 L.
727 1966 843 2030 Miller
866 1966 905 2030 de
929 1984 963 2030 re
986 1985 1028 2030 m.
1051 1986 1081 2049 p.
1108 1973 1170 2033 166
1195 1965 1299 2030 Lach-

63 2090 186 2136 manno
209 2074 382 2156 praeeunte
411 2071 604 2155 disputavit,
627 2072 703 2136 huic
732 2072 877 2136 licentiae
905 2090 968 2136 non
997 2074 1120 2155 parant.
1174 2071 1298 2138 Versus

65 2179 155 2243 enim
184 2178 341 2261 phalaecii
370 2179 526 2260 longiores
557 2181 647 2248 sunt.
681 2181 718 2242 ut
747 2179 864 2244 ordinIs
893 2179 1018 2243 matrici
1047 2178 1119 2242 finis
1154 2178 1298 2262 proprios

63 2284 187 2350 referre
209 2286 311 2368 possit
333 2304 492 2363 numeros,
516 2286 642 2350 ettamsi
665 2286 777 2368 prioris
801 2285 903 2368 partis
919 2285 1045 2349 numeri
1061 2285 1298 2368 exceptionibus

65 2391 218 2456 admissIs
241 2392 330 2456 velut
353 2393 386 2457 in
410 2412 434 2456 c.
458 2391 515 2455 LV
540 2411 596 2475 pro
628 2392 754 2476 dactylo
783 2393 910 2476 saepius
941 2392 1079 2476 spondeo
1110 2392 1211 2476 posito
1244 2392 1299 2456 ob·

65 2501 239 2563 scurentur
262 2497 300 2562 cf.
324 2498 362 2562 de
391 2518 426 2563 re
458 2519 499 2564 m.
531 2518 560 2582 p.
594 2507 666 2564 132.
721 2498 783 2564 Sed
814 2500 897 2581 quod
927 2500 960 2563 in
991 2500 1054 2564 illis
1085 2499 1176 2576 licet,
1202 2498 1236 2562 id
1264 2499 1298 2563 in

63 2604 265 2669 brevioribus
287 2605 500 2688 pherecraths
533 2605 643 2670 eodem
672 2608 765 2688 pacto
796 2607 924 2672 concedi
954 2625 1018 2671 non
1049 2607 1298 2672 consentaneum

64 2710 204 2788 videtur,
229 2712 304 2792 quia
326 2712 359 2774 in
382 2711 442 2775 hoo
466 2731 560 2776 versu
583 2712 709 2776 numeri
731 2714 860 2795 propter
882 2713 1074 2778 brevitatem
1104 2712 1164 2776 coli
1188 2711 1227 2775 ad
1250 2711 1299 2774 in-

65 2821 196 2900 tegram
218 2818 480 2902 perspicuitatem
503 2819 580 2882 ilem
604 2819 733 2884 restitui
747 2837 811 2882 non
825 2825 970 2903 possunt.
1010 2817 1074 2883 Sed
1097 2836 1135 2882 aa
1156 2817 1298 2895 libertas,

66 2943 133 3008 qua
165 2924 323 3007 spondeus
353 2925 386 2987 in
422 2925 492 2990 basi
522 2925 667 3008 ponitur,
697 2925 749 2990 hic
778 2943 904 3007 qnoque
922 2925 1063 3004 ,tenetur
1094 2922 1133 2988 cf.
1163 2941 1191 2986 v.
1223 2929 1297 2987 201.
1350 2981 1354 2988 .

67 3038 144 3096 231.
169 3030 206 3095 of.
231 3029 340 3095 Christ
364 3029 505 3094 Melitae
527 3051 557 3114 p.
583 3039 655 3096 523.

159 3137 290 3203 Accedit
314 3138 399 3219 quod
421 3138 492 3220 ipsa
515 3139 614 3202 oratio
639 3121 843 3202 offensionem
873 3137 979 3201 habet.
1024 3135 1110 3200 Nam
1134 3120 1294 3230 thumore‘

63 3262 127 3310 nec
151 3243 190 3310 de
215 3246 318 3308 terrae
342 3244 476 3308 humore
499 3244 642 3325 intellegi
664 3246 782 3326 potest,
806 3245 881 3325 quia
907 3229 1045 3339 ‘rosido'
1076 3241 1123 3306 ita
1151 3241 1298 3306 iunctum

64 3351 192 3416 nullam
215 3350 313 3416 habet
337 3351 491 3428 vln1,ncc
515 3350 553 3414 de
576 3352 731 3416 nocturno
748 3369 826 3414 rore.
862 3348 946 3428 Quid
963 3349 1048 3413 enim
1063 3347 1297 3431 hamadryades

67 3477 143 3524 cum
166 3457 234 3534 hoc,
259 3476 354 3539 quem
377 3476 441 3521 non
464 3457 617 3534 efficiunt,
640 3475 807 3522 commune
822 3455 967 3521 habent?
991 3456 1018 3519 si
1034 3473 1086 3519 ros
1102 3473 1207 3520 ramos
1231 3454 1298 3532 alit,

65 3563 302 3647 hamadryades
327 3582 379 3628 eos
403 3564 525 3628 nutrita
548 3567 721 3646 nequeunt.

160 3669 222 3734 Sed
252 3669 290 3734 de
326 3669 595 3752 hamadryadibus
640 3669 717 3752 quid
748 3668 943 3750 significetur
973 3667 1105 3733 dubium
1136 3685 1204 3732 esse
1233 3684 1297 3732 non

65 3779 182 3860 potest.
229 3775 313 3841 Sunt
335 3777 510 3859 nymphae,
537 3795 632 3872 tquae
663 3794 728 3840 una
757 3795 832 3840 cum
863 3775 1027 3839 arboribus
1056 3775 1234 3838 nascuntur
1264 3774 1297 3837 et

66 3869 246 3948 Intereunt'
272 3882 374 3967 (Serv.
397 3882 438 3946 ad
461 3881 557 3963 Verg.
582 3882 637 3948 ecl.
660 3881 691 3946 X
715 3882 779 3966 62),
803 3886 836 3946 et
853 3883 903 3946 est
918 3880 1075 3963 eaopinio
1093 3879 1131 3943 de
1147 3879 1297 3962 nymphis

65 3990 101 4054 in
124 3989 201 4071 ipsis
226 3990 389 4054 arboribus
414 3989 593 4054 viventibus
610 3989 771 4054 communi
787 3989 996 4070 cognatarum
1020 3986 1164 4069 gentium
1188 4003 1298 4068 supcr-

68 4097 196 4160 stitIone
227 4096 410 4178 longIssimc
439 4097 630 4179 pervulgata
660 4095 698 4160 cf.
726 4085 868 4161 Roschcr
895 4091 1041 4157 chitoo
1071 4112 1101 4175 p.
1132 4099 1218 4158 1824
1228 4110 1297 4174 sqq.

67 4203 116 4268 lla
139 4204 249 4270 autam
272 4201 381 4267 fabula
405 4221 468 4284 qua
497 4221 534 4267 er
565 4203 675 4267 arbore
706 4219 799 4266 caesa
829 4200 959 4284 sanguis
986 4199 1147 4282 nymphae
1177 4198 1298 4263 occisae
