2928 4724
595 165 753 258 —rs—

57 353 90 414 et
112 351 241 433 reliqua
262 353 326 417 huc
347 372 412 417 non
433 353 592 437 pertinere
615 354 801 419 ridebimus.
847 354 969 438 Nempe
1000 356 1027 419 si
1057 375 1184 452 tverum
1211 339 1290 440 par·

57 455 222 542 ticipium’
261 459 294 524 id
321 460 572 542 intellegendum
603 462 653 525 est
682 497 724 508 -
755 461 847 525 aliter
876 462 961 527 enim
990 462 1054 527 tale
1083 463 1287 546 participium

57 564 249 646 intellegere
279 585 342 632 non
372 585 503 649 possum
537 603 595 644 -,
626 568 711 648 quod
742 567 889 634 adiectiri
917 569 984 634 vice
1014 569 1174 652 iungitur,
1205 571 1289 635 nihil

59 671 189 738 omnino
213 691 251 737 ea
272 673 492 756 interpretatio
516 675 555 738 ab
580 674 681 738 altera
704 673 817 751 differt,
842 694 923 756 quae
946 677 1102 758 tanquam
1118 677 1145 740 si
1161 676 1289 742 diversa

60 780 148 842 esset
170 798 227 861 per
249 781 403 846 vocabula
428 782 624 874 promptus,
654 781 687 844 in
709 781 814 846 medio
843 771 980 865 positus'
1012 782 1065 847 hic
1090 783 1287 866 proponitur.

58 885 166 966 Igitur
189 886 364 952 seeundum
395 905 536 968 eaquae
569 906 665 970 supra
699 907 729 970 p.
754 896 873 954 9—11
911 889 1052 972 exposita
1080 892 1156 954 eunt
1185 893 1218 954 et
1248 909 1289 956 ea

61 1010 143 1072 quae
168 992 207 1056 de
231 993 383 1076 simplicis
406 994 495 1059 verbi
516 994 548 1057 vi
572 995 604 1058 et
626 993 665 1058 de
687 994 853 1077 participio
876 995 969 1060 modo
993 995 1170 1077 significata
1200 999 1288 1076 sunt,

56 1102 182 1176 parato
216 1102 261 1162 est
295 1119 357 1164 non
391 1100 476 1164 idem
509 1100 628 1165 iudicat
663 1101 746 1183 quod
777 1105 822 1165 est
853 1104 995 1180 parata,
1033 1103 1089 1166 aad
1106 1154 1109 1162 s
1124 1103 1286 1168 verbalem

60 1224 154 1270 suam
178 1206 310 1271 actionis
337 1206 494 1289 perfectae
517 1208 633 1271 retinet
656 1208 729 1271 rim.
771 1207 917 1290 Negandi
934 1211 1047 1272 autem
1070 1210 1228 1291 particula
1250 1211 1286 1274 in

59 1312 150 1377 initio
175 1331 288 1378 versus
310 1314 415 1398 posita
437 1315 594 1397 pertinere
617 1317 722 1397 potest
752 1317 785 1379 et
818 1314 859 1379 ad
881 1334 990 1380 uocem
1021 1302 1150 1410 ‘facilis’
1177 1319 1224 1394 et,
1256 1318 1285 1382 si
1383 1304 1385 1308 ’

61 1420 158 1484 rerba
182 1421 349 1502 sequentia
372 1422 478 1503 aliquo
501 1421 595 1486 modo
619 1422 734 1486 artiore
758 1423 882 1487 vinculo
899 1422 1191 1504 comprehendenda
1214 1442 1287 1489 esse

62 1529 226 1609 appareat,
249 1527 290 1592 ad
312 1529 409 1592 verba
432 1528 551 1621 ¹facilis
574 1528 664 1592 nobis
682 1576 709 1592 ..
731 1515 863 1611 palma'.
912 1528 982 1592 Iam
1006 1528 1032 1591 si
1055 1529 1116 1593 hoc
1139 1530 1286 1608 alterum,

63 1633 145 1714 quod
170 1634 393 1699 emendatione
416 1654 488 1699 mox
510 1634 717 1712 firmabimus,
740 1635 791 1699 hic
815 1653 988 1712 sumamus,
1012 1637 1131 1716 negant
1152 1637 1290 1720 puellae,

63 1741 179 1822 quibus
203 1741 289 1805 hunc
311 1760 440 1806 versum
463 1741 667 1806 tribuendum
689 1760 758 1806 esse
782 1760 878 1824 supra
900 1761 929 1824 p.
952 1751 992 1808 13
1018 1743 1171 1825 auspicari
1195 1763 1286 1825 eoge-

62 1847 186 1924 bamur,
209 1847 334 1912 facilem
359 1848 463 1912 sibi..
486 1849 626 1930 palmam
648 1851 795 1931 paratam
819 1866 896 1926 esse,
920 1868 993 1913 oum
1016 1850 1075 1914 hoc
1097 1849 1143 1913 ita
1165 1852 1287 1932 negant

63 1973 147 2018 nunc
170 1955 267 2018 huius
292 1955 474 2019 certaminis
498 1955 712 2020 condicionem
734 1974 797 2020 non
821 1973 892 2020 eam
915 1954 1034 2020 factam
1058 1974 1127 2021 esse
1151 1957 1215 2020 aive
1238 1957 1288 2020 in-

64 2057 224 2137 stitutam,
246 2063 284 2125 ut
306 2060 408 2125 facilis
433 2061 494 2124 sibi
517 2109 543 2123 ..
565 2061 674 2144 palma
700 2062 858 2145 imperata
888 2061 930 2126 sit
960 2062 1025 2127 sive
1053 2063 1215 2146 proposita
1245 2064 1291 2128 sit

64 2167 178 2230 -ita
202 2167 267 2232 iere
290 2175 377 2232 nunc
398 2169 494 2232 verba
518 2169 585 2232 eius
608 2168 784 2234 describere
807 2169 890 2233 licet.
926 2168 1032 2247 Quid?
1056 2169 1084 2233 si
1105 2171 1230 2252 puellae
1253 2170 1287 2233 in

63 2273 121 2338 hae
148 2261 286 2369 ‘palma'
313 2278 427 2340 cantus
460 2275 631 2340 certamine
660 2276 822 2358 proposita
845 2294 945 2357 eaque
967 2277 1006 2340 ut
1029 2276 1198 2358 opinantur
1224 2295 1289 2340 non

63 2381 108 2444 ita
130 2381 219 2445 facili
243 2382 377 2446 alteram
402 2381 561 2463 quandam
583 2383 722 2463 tangunt
745 2382 804 2446 sibi
827 2381 1023 2448 faciliorem?

131 2487 218 2566 Quid
248 2507 323 2571 ergo
361 2491 431 2552 eat?
484 2487 547 2552 Via
575 2491 607 2552 et
644 2488 765 2552 ratione
796 2488 970 2554 disserendi
1000 2488 1064 2552 iam
1095 2507 1130 2553 eo
1160 2487 1291 2553 deducti

68 2612 196 2672 sumus,
226 2597 265 2659 ut
284 2595 365 2658 nihil
396 2595 483 2659 aliud
505 2595 704 2676 relinquatur
726 2595 789 2658 nisi
810 2598 848 2659 ut
870 2595 949 2659 illud
973 2595 1180 2672 vocabulum,
1204 2595 1288 2676 quod

68 2703 151 2764 certo
186 2703 303 2766 certius
338 2702 479 2779 videtur,
514 2700 661 2782 aequatis
691 2737 733 2748 -
768 2702 801 2765 id
831 2701 916 2766 enim
946 2703 1100 2784 praebent
1128 2698 1211 2766 T'GO
1244 2737 1286 2748 -

69 2810 254 2890 corruptum
278 2827 347 2873 esse
370 2810 538 2891 putemus3
562 2808 647 2889 quod
670 2809 697 2872 si
720 2807 760 2872 ad
786 2808 1004 2889 integritatem
1034 2808 1203 2872 restituere
1232 2825 1287 2871 ro-

12 2987 13 2992 *
68 2913 191 2992 lumus,
225 2916 365 2998 primurn
393 2915 473 2986 illud
509 2918 651 2998 spectare
687 2915 853 2991 debemus,
888 2917 926 2978 ut
949 2919 1073 2994 porcia
1107 2917 1152 2978 est
1187 2931 1288 2978 novae

70 3038 165 3101 quam
189 3023 372 3103 quaerimus
395 3023 563 3086 verborum
580 3022 790 3086 coniunctioni
805 3021 992 3086 conveniens
1015 3020 1073 3094 sit;
1097 3022 1168 3083 tum
1192 3020 1291 3084 simul

70 3128 215 3206 alterum,
238 3132 276 3193 ut
300 3129 456 3210 siquidem
478 3130 558 3194 haec
579 3147 655 3211 pars
678 3131 791 3192 cantus
814 3128 928 3210 puellis
951 3145 1023 3190 vere
1046 3125 1214 3190 tribuenda
1230 3128 1291 3204 est,

70 3236 180 3300 statim
203 3255 220 3302 e
243 3237 345 3319 primo
368 3254 463 3300 versu
485 3236 544 3299 has
568 3236 688 3298 certare
713 3235 834 3298 clarum
857 3234 923 3297 fiat.
969 3232 1158 3312 Quaerimus
1187 3233 1291 3314 igitur

70 3342 134 3406 loeo
170 3344 336 3425 corruptae
370 3341 453 3406 vocis
489 3339 635 3422 aequatis
669 3340 771 3418 aliud,
807 3358 868 3421 quo
898 3339 1009 3404 eodem
1038 3339 1161 3421 reliqua
1189 3329 1287 3404 verba

71 3448 178 3529 facilis
199 3449 290 3514 cobis
314 3498 321 3512 .
341 3497 347 3512 .
365 3447 482 3529 potae
509 3449 718 3531 suppleantur
745 3449 778 3512 et
802 3448 992 3512 coartentur.
1044 3445 1169 3510 Attinet
1190 3444 1291 3526 igitur

72 3557 125 3620 uni
146 3558 272 3640 palmae
301 3557 321 3620 i.
351 3575 377 3620 e.
408 3556 556 3621 victoriae
586 3541 720 3619 alteram
751 3554 911 3636 quandam
942 3569 1109 3634 suggerere
1137 3552 1290 3634 palmam,

12 3677 13 3690 ¹
74 3682 151 3744 quae
174 3665 253 3728 item
274 3663 401 3728 nomine
425 3681 482 3726 suo
505 3663 667 3727 victoriam
690 3662 793 3743 ipsam
816 3661 964 3744 appellet.

157 3770 228 3835 Iam
250 3771 330 3834 nibil
352 3770 386 3833 in
408 3769 534 3834 traditis
557 3769 660 3834 verbis
684 3768 803 3831 mutari
825 3767 935 3844 debet,
959 3765 1014 3830 sed
1043 3783 1080 3830 ee
1110 3765 1169 3829 hoc
1196 3764 1292 3829 modo

76 3877 236 3942 scribenda
260 3879 392 3942 suntet
416 3874 656 3957 distinguenda:

229 3983 304 4049 Noa
325 3982 436 4065 facitis
457 3982 547 4046 cobis
568 4001 584 4045 e
606 3979 745 4062 quatis
761 3977 878 4060 palmo
894 3981 1020 4058 parato
1044 3980 1096 4055 est,

230 4091 382 4172 Aspicite,
405 4091 570 4170 irmuptae,
592 4108 696 4152 secum
718 4091 754 4150 ut
775 4085 928 4150 meditata
950 4084 1127 4165 requirunt.

77 4197 154 4282 Ergo
176 4201 230 4265 illo
251 4199 334 4264 dicto
358 4198 537 4281 significant
558 4197 692 4279 puellae,
714 4213 778 4258 non
801 4193 926 4258 facilem
949 4192 1008 4255 sibi
1030 4191 1120 4255 illam
1143 4209 1159 4254 e
1185 4190 1292 4271 qualis
