2928 4724
697 202 853 293 ..EQ

22 459 24 465 .
159 393 279 477 nuptiis
308 393 373 457 sive
402 389 590 455 Rossbachii
618 389 805 454 adsciscitur
834 389 913 454 liber
941 389 1007 454 sive
1032 389 1153 453 citatur
1177 387 1211 454 C.
1234 389 1284 452 Fr.
1309 389 1403 454 Hor-

159 519 266 569 mann.
289 498 370 562 nihil
393 497 466 561 inde
489 497 536 560 illi
560 495 711 572 efficiunt,
733 497 795 560 nisi
817 497 856 560 ut
878 513 995 560 vanam
1017 497 1133 578 putent
1156 495 1252 560 huius
1276 497 1402 560 carmi-

159 607 210 670 nis
234 606 400 670 actionem.
445 603 567 667 Audias
592 621 710 684 quaeso
734 604 812 667 talia
828 602 986 667 dicentem
1010 601 1158 682 aliquem,
1182 602 1238 682 qui
1253 604 1400 683 utroque

160 712 240 790 libro
264 711 405 775 adhibito
429 710 508 773 haec
531 708 668 791 profert:
698 713 826 772 missen
855 708 917 772 wir
945 728 1008 774 acas
1030 707 1185 772 deaucet
1207 707 1268 770 dos
1289 707 1400 772 Heus

160 817 215 882 des
237 815 453 896 Breiutipams
476 813 527 878 als
550 814 611 877 dea
634 810 829 894 Sebuuplata
852 813 908 878 der
923 812 1107 895 Hccdluap
1129 813 1259 891 dealem,
1282 833 1317 877 so
1341 834 1398 878 er-

159 924 282 988 bacea
304 923 366 986 wir
390 921 489 984 daria
512 921 582 984 eine
604 919 739 983 Flacca
763 920 817 984 des
832 917 991 997 Diebtem,
1016 919 1068 984 die
1091 919 1153 983 dea
1168 919 1281 985 Zweolc
1294 919 1395 999 aare,

159 1032 221 1096 das
246 1049 347 1112 pocae
380 1026 514 1092 Gediebt
541 1027 611 1090 dem
627 1025 886 1090 'Versfdtaduisse
915 1026 969 1091 des
999 1026 1176 1091 rhaisobec
1198 1025 1396 1094 Publilcums

159 1137 245 1202 recht
266 1136 349 1200 nabe
371 1155 412 1199 aa
427 1133 553 1199 autea
586 1133 676 1198 Idem
700 1136 818 1198 temere
843 1134 1037 1217 vituperavit
1059 1135 1092 1197 in
1115 1134 1288 1217 Koechlyo‚
1323 1137 1394 1201 viro

160 1245 305 1326 egregiae
336 1241 538 1325 prudentiae,
574 1239 657 1321 quod
689 1241 755 1303 sine
786 1241 851 1304 ullo
881 1240 997 1304 iudicio
1029 1239 1236 1305 confunderet
1259 1261 1393 1322 graecos

159 1367 372 1430 romanosque
396 1366 510 1423 mores
534 1346 589 1410 sed
614 1347 696 1428 quod
719 1347 786 1429 ipse
809 1347 908 1423 finxit,
930 1348 1025 1428 inane
1049 1350 1106 1411 est.

250 1455 333 1534 Quid
357 1456 481 1518 constet
511 1453 550 1517 de
574 1471 669 1517 cenae
701 1454 769 1518 loco
793 1453 945 1530 vidimus,
973 1454 1136 1518 Baehrens
1161 1473 1302 1535 quoque,
1335 1457 1392 1537 qui

160 1563 266 1627 omnia
296 1561 335 1625 ad
365 1579 469 1624 mores
499 1578 645 1624 romanos
671 1560 845 1636 transfert,
873 1561 985 1625 itidem
1016 1561 1175 1625 iudicarit.
1221 1561 1291 1626 Iam
1314 1582 1391 1626 vero

161 1669 237 1750 quid
267 1667 397 1732 tandem
427 1667 606 1749 accepimus
638 1666 676 1730 de
701 1666 896 1731 Graecorum
926 1669 1011 1732 cenis
1035 1668 1254 1750 nuptialibus?
1300 1669 1391 1733 Nihil

159 1777 220 1840 nisi
244 1777 282 1838 nt
305 1793 478 1858 peucenos
496 1773 685 1837 scirefateri
701 1773 882 1838 debeamus.
918 1773 1002 1852 Quid
1024 1793 1117 1857 porro
1140 1775 1178 1838 de
1202 1775 1390 1840 Lesbiorum

159 1882 301 1946 moribus
323 1881 387 1944 huc
403 1880 663 1964 pertinentibus?
687 1880 767 1943 nihil
790 1881 876 1944 aliud
899 1881 961 1944 nisi
986 1880 1069 1961 quod
1093 1899 1130 1944 ex
1152 1881 1212 1945 hoc
1236 1882 1303 1963 ipso
1320 1901 1390 1946 car-

159 1989 245 2052 mine
270 1988 411 2070 apparet.
456 1985 540 2050 Item
564 1985 602 2048 de
626 1986 822 2049 carminis
846 2004 992 2068 genere
1015 1987 1178 2050 Baehrens
1202 1988 1242 2051 ad
1266 2009 1291 2052 c.
1314 1989 1391 2053 LXI

159 2115 191 2177 p.
214 2101 277 2158 322
302 2095 387 2158 recte
411 2092 580 2165 iudicavit;
615 2093 665 2155 est
694 2093 779 2156 enim
802 2092 832 2155 id
858 2111 895 2156 ex
918 2093 1118 2174 hymenaeis,
1143 2094 1198 2174 qui
1221 2097 1314 2176 prout
1338 2096 1390 2160 vel

160 2201 194 2263 in
210 2200 397 2264 deductione
421 2200 490 2282 ipsa
508 2218 527 2262 a
544 2199 769 2262 comitantibus
794 2199 898 2263 choris
921 2199 972 2262 vel
996 2200 1189 2263 astantibus
1214 2200 1389 2283 eodemque

160 2307 227 2370 loeo
256 2307 459 2370 manentibus
490 2307 719 2382 cantabantur,
749 2306 823 2370 hinc
850 2307 911 2388 ipsi
934 2307 1023 2370 vuria
1046 2309 1235 2387 argumenta
1258 2310 1390 2390 praebe-

159 2414 247 2490 bant,
269 2431 333 2475 non
356 2431 393 2476 ex
417 2412 639 2494 epithalamiis.
684 2412 784 2476 Abest
807 2415 916 2476 autem
940 2412 992 2476 hic
1015 2413 1116 2476 omnis
1140 2413 1322 2478 fescennina
1344 2416 1390 2480 io-

161 2518 259 2594 catio‚
295 2519 422 2599 qualem
446 2537 574 2582 carmen
598 2519 740 2601 nuptiale
763 2519 837 2582 LXI
861 2520 1015 2595 continet,
1052 2519 1151 2600 quod,
1186 2539 1260 2583 cum
1290 2522 1389 2587 altius

161 2626 291 2706 spectet,
315 2644 383 2688 rem
406 2624 514 2688 indes
536 2625 620 2689 vitae
638 2625 781 2708 publicae
799 2626 1005 2708 privatusque
1028 2625 1246 2690 fundamentis
1270 2631 1390 2711 repetit

160 2733 193 2796 et
221 2731 338 2813 ubique
375 2731 414 2795 ad
443 2732 603 2795 Romanos
638 2750 743 2796 mores
779 2733 1053 2796 accommodatum
1090 2735 1156 2806 est;
1192 2733 1244 2796 hic
1279 2736 1389 2800 tamen

160 2856 321 2919 nusquam
345 2839 384 2902 ab
408 2838 478 2902 istis
502 2838 643 2902 moribus
668 2838 843 2919 quidquam
865 2840 1003 2921 petitum
1028 2842 1086 2916 est,
1109 2839 1170 2902 etsi
1192 2839 1388 2906 Baehrensio

161 2945 376 3028 compluribus
399 2946 476 3009 locis
499 2944 531 3007 id
556 2963 625 3009 esse
641 2943 762 3008 factum
785 2945 920 3009 videtur.
964 2946 1049 3009 Nam
1073 2945 1228 3025 desponsa
1251 2947 1389 3011 machia

161 3051 201 3131 (v.
226 3051 280 3134 27)
304 3052 331 3115 is
361 3071 491 3116 romana
514 3052 673 3134 intellegit
699 3040 901 3146 sponsalia,
933 3071 996 3132 qua
1018 3053 1052 3114 in
1074 3053 1201 3116 notione
1226 3054 1388 3118 etiamad

159 3176 189 3219 v.
220 3165 260 3222 28
290 3158 439 3222 subtilius
468 3177 504 3221 ac
534 3158 704 3221 violentius
734 3157 907 3239 distinguit
938 3145 1096 3254 ‘paetum’
1124 3159 1163 3223 ab
1193 3159 1271 3241 ipsis
1296 3179 1389 3243 spon-

162 3263 298 3340 salibuS‚
330 3283 411 3344 quae
435 3264 515 3327 illud
538 3264 726 3347 praecedere
750 3265 910 3338 solebant;
946 3264 1057 3329 deinde
1080 3266 1113 3328 in
1137 3285 1165 3328 v.
1190 3273 1229 3330 32
1256 3265 1389 3330 obstulit

162 3368 202 3432 ad
224 3370 370 3451 rapinam
392 3371 501 3434 fictam
524 3388 624 3434 novae
648 3373 768 3453 nuptae
785 3371 937 3434 Romanis
962 3372 1116 3435 usitatam
1140 3370 1246 3447 refert,
1270 3371 1309 3436 de
1326 3391 1388 3453 quo

161 3475 228 3538 loco
253 3494 350 3558 supra
373 3497 403 3559 p.
428 3484 468 3542 55
493 3476 616 3540 dictum
640 3480 704 3551 est;
727 3481 798 3540 tum
826 3465 1003 3572 ‘tradendi'
1030 3478 1220 3542 vocabulum
1243 3477 1277 3540 in
1300 3498 1328 3540 v.
1347 3486 1387 3544 60

161 3582 199 3645 de
224 3583 418 3664 coemptione
443 3601 575 3646 romana
597 3584 835 3666 interpretatur,
867 3603 930 3666 qua
955 3604 1031 3648 uxor
1053 3585 1169 3648 marito
1193 3585 1227 3646 in
1249 3603 1384 3648 manum

162 3688 327 3766 convenit3
353 3688 488 3769 denique
512 3687 545 3750 in
569 3707 596 3751 v.
621 3696 661 3754 65
687 3688 725 3752 dc
750 3689 822 3753 dote
847 3691 975 3753 tantum
998 3708 1130 3753 romana
1153 3690 1283 3770 cogitat.

250 3791 333 3872 Quid
358 3797 455 3875 ergo?
491 3813 573 3875 quac
596 3797 736 3859 romanis
751 3797 922 3884 'vocabulis
946 3797 1180 3878 significantur,
1209 3796 1326 3861 idcirco
1351 3817 1389 3862 ea

160 3899 378 3963 Romanorum
407 3901 533 3983 propria
563 3905 678 3966 erant?
708 3921 837 3988 prorsus
870 3903 1000 3967 eaedem
1029 3922 1080 3967 res
1114 3903 1193 3966 item
1224 3903 1265 3966 ad
1289 3902 1389 3968 Grae-

161 4023 270 4070 corum
300 4007 564 4073 consuetudinem
586 4009 749 4090 pertinent
772 4011 870 4092 atque
894 4009 1040 4091 Reiniani
1063 4010 1135 4074 libri
1164 4010 1232 4073 loco
1256 4009 1295 4072 de
1319 4010 1388 4074 iure

159 4113 292 4195 privato,
316 4113 474 4195 siquidem
498 4133 577 4196 opus
601 4133 670 4180 esse
694 4115 870 4191 videbatur,
893 4115 1072 4179 laudandus
1096 4118 1166 4179 erat
1190 4115 1224 4180 C.
1239 4115 1290 4178 Fr.
1306 4115 1390 4179 Her-

161 4219 270 4281 manni
292 4218 373 4283 liber
396 4219 433 4284 de
458 4220 705 4300 antiquitatibus
737 4221 879 4302 privatae
904 4220 1097 4285 Graecorum
1122 4222 1220 4297 vitae,
1250 4222 1389 4286 maxime
