2928 4724
580 159 738 250 -6—1—

42 364 62 410 a
82 345 202 428 puellis
225 347 422 429 appellatum
445 346 554 412 fuisse.
591 346 755 411 Librarius
771 347 905 428 igitura
927 347 1029 431 primo
1053 349 1121 412 loeo
1136 350 1273 433 Hesperi

40 453 180 516 nominis
206 452 246 516 ad
270 454 408 518 alterum
430 453 630 530 transcurrit,
655 472 716 535 quo
740 473 834 518 versu
858 457 986 518 exarato
1009 455 1117 519 omisit
1141 457 1272 521 tertiam

42 559 109 623 eius
140 559 388 642 appellationem
423 561 502 624 item
537 560 571 624 in
607 579 718 624 versus
755 561 845 624 initio
875 561 1021 643 positam.
1051 597 1093 608 -
1126 562 1272 628 Eandem

41 667 156 730 erroris
183 685 323 744 eausam,
348 666 403 731 sed
426 667 473 730 ita
495 668 533 730 ut
554 685 684 731 versum
709 673 750 731 32
774 667 914 749 primum
938 685 1006 731 esse
1031 668 1098 732 eius
1122 670 1272 751 strophae

42 775 181 856 putaret,
204 773 357 838 indicarit
379 774 444 837 iam
467 773 592 838 Usener
616 773 700 855 apud
725 772 760 838 Ο.
783 773 965 837 Franheum
993 773 1013 838 l.
1042 793 1066 838 e.
1096 795 1126 858 p.
1156 781 1288 858 lesui

41 880 138 943 simul
160 879 243 944 illud
268 899 391 961 quoque
415 880 563 961 cognovit
585 880 766 962 puellarum
789 879 939 963 strophae
963 898 1017 943 sex
1039 899 1151 944 versus
1176 883 1273 946 amis-

42 1005 90 1050 sos
114 1005 198 1065 esse,
222 987 439 1069 antistrophae
462 1005 564 1050 unum
585 986 742 1050 initialem
764 987 894 1069 perisse.

129 1202 181 1264 Ae
204 1199 243 1264 de
267 1200 352 1264 voeis
367 1199 493 1281 ipuolus
508 1200 541 1263 in
557 1219 585 1264 v.
602 1207 644 1266 40
669 1199 864 1282 proprietate
880 1198 1025 1264 dubitare
1045 1217 1110 1263 non
1133 1199 1271 1265 debebat

42 1305 217 1371 Baehrens.
262 1305 370 1371 Habes
401 1307 486 1370 enim
514 1305 598 1388 apud
621 1305 741 1387 Vergil.
764 1307 841 1369 Aen.
864 1305 929 1368 XII
952 1313 1017 1369 414
1049 1306 1187 1370 similem
1216 1325 1272 1371 vo-

42 1414 145 1477 eabuli
173 1400 381 1508 tiueopuilus'
407 1431 521 1476 usum:

84 1569 90 1582 .
114 1568 122 1583 .
145 1539 215 1584 mou
238 1518 298 1583 illa
319 1519 400 1601 feris
422 1518 586 1602 imepuila
609 1517 719 1600 capris

84 1624 254 1690 aramma
277 1627 333 1710 (se.
357 1627 559 1708 dietamnus),
583 1645 654 1690 eum
676 1629 760 1707 leupo
782 1621 923 1688 volueres
946 1623 1075 1688 laesere
1096 1625 1241 1706 sapitlae,

43 1751 82 1796 se.
105 1748 191 1814 quae
216 1735 383 1815 quaerunt,
407 1753 481 1798 eum
505 1732 631 1814 sagittis
655 1731 792 1797 confixae
817 1735 893 1796 sunt
916 1731 953 1796 ef.
978 1731 1016 1796 de
1033 1731 1144 1797 eadem
1158 1751 1193 1797 re
1207 1732 1270 1798 Cio.

42 1839 320 1907 mmassw

127 2053 186 2118 De
208 2053 401 2117 universa
424 2052 577 2116 tertiae
602 2051 794 2133 strophae
818 2051 918 2134 (=r.
936 2049 1080 2134 39-47)
1105 2053 1144 2115 et
1161 2052 1268 2114 anti-

43 2160 231 2243 strophae
256 2160 312 2241 (=
335 2179 362 2224 v.
388 2159 532 2238 49-58)
556 2160 776 2222 structura
799 2156 1061 2238 grammatica
1083 2157 1268 2222 reetiusiu·

44 2264 157 2330 dieavit
180 2267 275 2330 Riese
300 2285 397 2347 quam
420 2266 593 2341 Baehrens,
617 2283 753 2346 quorum
777 2282 929 2328 versuum
952 2281 1020 2338 eos,
1050 2283 1129 2344 quos
1159 2283 1270 2329 neees-

44 2373 161 2438 sariam
186 2373 370 2450 videbatur,
399 2372 451 2436 hie
474 2371 570 2435 reddo
594 2389 613 2433 a
636 2370 671 2433 L.
694 2370 848 2434 Muellero
872 2369 1057 2459 distinctos:

226 2476 267 2544 Ut
286 2477 346 2557 flos
367 2478 405 2541 iu
427 2476 546 2557 saeptis
568 2480 705 2540 secretus
727 2475 874 2539 uasellur
896 2475 1005 2552 hemis,

151 2593 196 2651 40
219 2584 352 2666 Ipuolus
368 2583 487 2664 pecori,
510 2581 600 2646 uallo
622 2580 785 2646 eouaolsue
808 2585 927 2658 aratro,

221 2692 319 2772 Quem
341 2689 477 2754 moueat
500 2709 610 2766 aurae,
633 2689 745 2769 plumat
766 2686 821 2765 sel,
845 2688 959 2752 edueal
980 2687 1080 2752 imber

218 2904 321 2969 Mam
344 2903 438 2968 illum
458 2903 563 2982 pueri,
586 2901 705 2965 mullae
728 2905 874 2982 optavere
894 2899 1039 2980 puellae:

218 3011 310 3076 Idem
333 3031 404 3074 aum
426 3009 516 3074 leuui
538 3013 669 3088 carptus
692 3007 842 3086 defloruit
863 3007 973 3088 uupui,

218 3117 314 3183 Nulli
336 3115 431 3181 illum
452 3116 557 3197 pueri,
580 3114 690 3178 uullae
713 3125 858 3193 optavere
875 3111 1023 3193 puellae:

151 3233 194 3292 45
219 3223 273 3290 Sia
295 3225 384 3306 airpo
407 3227 440 3288 et
464 3243 492 3306 q.
517 3243 540 3287 s.

224 3435 265 3504 Ul
286 3437 388 3501 aidau
409 3436 447 3499 iu
469 3434 556 3499 uualo
578 3435 654 3498 aitis
678 3454 760 3516 quae
783 3433 931 3498 uasailur
954 3452 1031 3496 arao

154 3554 195 3611 50
218 3543 406 3625 Numquam
428 3561 461 3606 se
484 3541 612 3620 emollit,
635 3552 813 3622 uumquam
836 3541 944 3604 mitem
967 3538 1080 3603 ealueal
1102 3559 1208 3618 uuam,

219 3650 283 3717 aee
305 3655 447 3715 leuerum
465 3668 569 3729 prauo
593 3647 757 3727 desleeteus
774 3647 917 3728 paudere
940 3665 1054 3725 eorpus

217 3757 292 3821 Iam
314 3758 383 3822 iam
406 3756 559 3838 muliupil
580 3775 739 3820 summum
761 3755 871 3819 radiae
892 3751 1074 3834 flapellum,·

217 3864 316 3929 Hauc
338 3862 423 3928 ualli
446 3861 614 3945 auricolae,
638 3861 725 3926 ualli
749 3859 870 3926 coluere
892 3859 1038 3924 iuoeuci:

217 3971 264 4035 Ae
285 3972 315 4035 ei
336 3974 418 4052 forle
440 3969 550 4034 eadem
573 3973 618 4032 est
639 3967 725 4033 ulmo
749 3968 918 4032 eouiuuelu
940 3967 1068 4041 marite,

152 4086 193 4144 55
216 4077 320 4144 Mulli
342 4076 435 4140 illam
459 4074 626 4158 apricolae,
649 4073 743 4139 mulli
766 4073 887 4140 camere
910 4073 1056 4137 iuueuei:

218 4183 273 4250 aa
294 4184 386 4265 virae
409 4185 441 4248 et
465 4203 493 4265 q.
519 4202 542 4248 s.
