2928 4724
701 139 858 231 ...7,

171 339 189 384 a
214 320 339 405 Sappho
363 322 431 405 ipsa
454 325 664 389 transtulerit.
708 326 746 390 Id
769 327 908 409 potuisse
931 325 999 389 fieri
1022 342 1119 407 supra
1140 322 1278 387 evictum
1299 321 1392 403 pute,

174 427 229 491 sed
252 429 290 491 ut
312 447 423 511 reapse
446 429 480 493 id
503 429 624 495 factum
648 451 716 497 esse
740 433 886 509 iudicem,
908 431 987 496 illud
1010 449 1063 494 me
1085 429 1222 493 maxime
1252 445 1395 492 commc-

169 534 238 610 ret‚
268 534 351 614 quod
374 554 446 599 mox
468 536 644 602 videbimus
669 537 832 603 Catullum
855 557 917 602 non
946 538 980 601 in
1007 536 1107 600 totius
1138 534 1287 600 carminis
1317 535 1394 597 tan-

171 640 241 703 tum
265 641 393 705 oonsilio
418 645 450 707 et
473 644 706 727 compositione,
730 645 842 709 sedin
865 643 997 723 singulis
1021 643 1115 706 rebus
1137 659 1196 704 nec
1218 640 1326 703 minus
1359 639 1394 701 in

169 745 237 828 ipso
268 766 411 813 sermone
445 749 609 832 figurando
649 750 795 833 Sapphus
832 751 961 815 inventa
999 768 1072 813 cum
1107 766 1184 812 cura
1215 745 1393 810 rettulisse.

169 852 280 931 Porro,
313 854 396 919 sicut
430 856 469 920 de
498 857 640 940 Hespero
673 875 789 922 noram
824 856 990 921 scientiam
1024 854 1168 918 consulto
1198 853 1394 934 usurpatam

170 959 267 1025 fuisse
290 979 310 1025 a
334 960 459 1045 Sappho
481 962 565 1026 inira
587 981 810 1045 cognoscemus
832 964 866 1028 in
888 983 917 1027 v.
938 970 1043 1043 34sq,
1059 961 1136 1025 item
1150 960 1217 1022 iure
1234 956 1395 1040 suspicari

170 1066 246 1131 licet
274 1069 415 1151 palmam
445 1070 516 1132 tum
547 1069 630 1152 apud
658 1069 788 1134 Lesbios
817 1087 926 1134 recens
956 1067 1054 1133 finisse
1082 1065 1230 1132 victoriae
1260 1065 1394 1146 signum

170 1173 276 1255 paullo
301 1177 374 1239 ante
399 1193 470 1239 eam
493 1177 631 1239 aetatem
654 1194 716 1240 usu
738 1176 863 1259 publico
886 1176 1059 1257 receptum.

257 1279 329 1344 Iam
362 1281 465 1345 denuo
500 1281 539 1346 ad
574 1301 703 1346 versum
738 1281 956 1356 catullianum
989 1280 1205 1364 respiciamus.
1256 1277 1393 1342 Puellae

171 1385 268 1467 igitur
295 1387 426 1452 Lesbiae
459 1387 605 1472 Sapphus
634 1391 754 1472 peritae
785 1390 862 1453 artis
889 1390 1029 1472 palmam
1058 1388 1078 1450 i.
1108 1405 1133 1451 e.
1164 1386 1215 1450 vel
1245 1385 1394 1450 arborem

172 1493 223 1556 vel
246 1495 411 1558 surculum
435 1495 555 1560 arboris
580 1497 709 1561 stamini
732 1494 907 1572 intexendi,
938 1494 1094 1576 siquidem
1121 1492 1247 1576 palmae
1274 1507 1395 1554 nomen

173 1597 212 1661 ad
241 1600 344 1683 ipsam
374 1602 540 1668 victoriam
569 1603 782 1669 denotandam
811 1603 876 1667 iam
906 1604 977 1667 tum
1004 1601 1198 1666 translatum
1227 1597 1303 1674 luit,
1332 1597 1394 1660 hoc

172 1703 299 1770 dicum:
322 1727 408 1773 nunc
429 1728 492 1773 non
515 1713 628 1794 parata
652 1713 702 1775 est
724 1709 825 1775 facilis
848 1709 938 1775 nobis
962 1727 978 1773 e
1004 1708 1106 1790 qualis
1129 1705 1267 1781 victoria,
1292 1721 1394 1785 quam

173 1811 300 1892 quidem
325 1817 392 1879 arte
414 1818 525 1880 nostra
547 1817 695 1882 muliebri
718 1816 1051 1898 facileassequamu13
1076 1831 1172 1896 quam
1196 1810 1393 1875 sententiam
1446 1855 1447 1862 ,

170 1917 316 1984 Catullus
346 1921 502 1987 locutione
532 1943 548 1986 e
577 1921 684 2004 qualos
712 1925 800 2006 prius
831 1924 983 1988 collocata
1005 1940 1067 1985 nou
1091 1920 1158 1984 eine
1181 1918 1289 1999 aliqua
1320 1918 1392 1980 arte

171 2023 281 2089 effecit.
327 2027 393 2092 Nos
416 2029 536 2094 imitari
557 2049 727 2113 possumus
751 2048 822 2095 eam
844 2029 981 2094 notionis
1002 2047 1067 2092 non
1087 2025 1330 2106 ambiguitatem
1348 2057 1393 2068 —
1446 2053 1447 2074 7

169 2131 248 2196 haec
272 2134 356 2197 enim
378 2135 467 2198 nulla
491 2137 540 2200 est
561 2171 605 2182 -
629 2135 684 2200 sed
708 2136 925 2219 duplicitatem
942 2135 1102 2217 quandam
1117 2131 1292 2208 dicendam,
1315 2148 1393 2194 cum

169 2239 351 2320 reponimus
387 2241 483 2306 simili
517 2262 590 2307 cum
623 2243 830 2307 translatione
871 2227 1038 2338 ‘lorbeerss
1073 2226 1214 2335 thranz',
1247 2222 1393 2333 palme'.
1446 2279 1447 2286 ,

170 2344 254 2408 Nam
277 2347 304 2410 si
326 2348 399 2412 illae
424 2349 534 2414 dicunt
555 2368 618 2413 non
640 2351 705 2415 iam
729 2350 781 2432 agi
803 2348 928 2414 facilem
950 2349 1040 2412 illam
1063 2366 1080 2410 e
1104 2345 1207 2427 qualis
1238 2342 1392 2427 palmam,

170 2451 278 2516 tamen
301 2454 385 2518 ultro
408 2455 441 2518 in
463 2456 524 2519 hac
546 2456 616 2539 ipsa
638 2457 831 2539 oppositione
853 2473 943 2519 mera
965 2453 1114 2518 victoriae
1129 2451 1215 2515 notio
1232 2450 1298 2514 siue
1321 2449 1393 2512 ulla
1446 2497 1447 2536 ,

171 2560 324 2624 sermonis
354 2561 503 2626 violentia
534 2563 706 2640 excitatur,
730 2563 804 2645 quia
825 2562 926 2626 latina
953 2579 1012 2624 vox
1038 2545 1170 2656 ‘palma'
1202 2574 1266 2620 non
1295 2553 1392 2619 modo
1446 2579 1447 2608 7

170 2665 377 2732 simulacrum
400 2670 450 2733 est
472 2669 628 2745 victoriae,
652 2670 708 2734 sed
725 2671 827 2752 ipsam
843 2668 1007 2732 victoriam
1022 2666 1149 2745 nornine
1166 2682 1222 2728 suo
1239 2661 1392 2745 appellat.
1446 2657 1447 2674 ²

260 2879 417 2958 Quoniam
439 2883 554 2966 puellis
577 2883 629 2948 hic
650 2884 739 2948 locus
762 2881 904 2946 redditus
928 2882 990 2958 est,
1014 2879 1111 2943 etiam
1141 2874 1273 2958 singulis
1302 2874 1393 2937 locu·

171 2985 310 3051 tionibus
346 3007 405 3052 sua
440 2992 489 3054 est
523 2990 685 3055 reddenda
718 2990 803 3054 notio
839 2990 871 3053 et
904 2989 960 3052 vis.
1005 2987 1141 3051 Iuvenes
1174 2983 1292 3065 igitur,
1325 2998 1391 3043 non

169 3094 309 3174 puellae,
331 3115 417 3161 nunc
438 3114 542 3160 secam
565 3096 719 3160 meditata
741 3095 910 3177 requirant
937 3096 956 3159 i.
981 3113 1005 3159 e.
1033 3109 1202 3190 tperpensa
1232 3107 1269 3153 ac
1296 3104 1391 3169 prae-

169 3189 315 3280 parata'3
347 3201 438 3266 affert
459 3204 499 3266 Κ.
528 3204 563 3268 Ρ.
594 3203 727 3269 Schulne
757 3205 791 3267 in
814 3201 967 3266 Zeitscbr.
990 3200 1013 3281 f.
1039 3200 1067 3264 d.
1093 3192 1391 3280 Gymnasiclwesca
1446 3187 1447 3192 ’

173 3312 256 3372 1877
286 3327 316 3389 p.
349 3317 411 3374 703
436 3310 536 3374 Taciti
559 3311 722 3375 annalium
751 3311 857 3375 locum
879 3309 956 3374 XIV
981 3315 1023 3375 55
1045 3305 1216 3371 meditatae
1239 3298 1391 3376 amiani,

171 3411 248 3475 alios
277 3413 440 3479 Baehrens
476 3417 509 3479 in
539 3417 772 3481 commentario.
801 3451 845 3462 -
872 3416 966 3480 Nunc
1000 3415 1102 3478 denuo
1134 3410 1292 3494 quaerunt
1323 3407 1389 3470 sive

169 3537 314 3584 revocare
339 3522 476 3599 student,
500 3525 537 3587 ut
552 3523 744 3604 glossarium
759 3523 941 3587 ballioleuse
963 3522 997 3585 id
1014 3521 1202 3586 vccabulum
1216 3514 1391 3596 requirant

169 3626 254 3690 inter
287 3629 478 3710 paucissima
513 3629 694 3695 Catulliana
728 3632 911 3712 receptum,
949 3628 1032 3711 quod
1066 3628 1101 3691 h.
1142 3623 1311 3699 Schwabe,
1346 3619 1388 3685 N.

169 3732 302 3798 Jatrbb.
329 3741 412 3800 1885
435 3756 465 3818 p.
489 3745 552 3802 803
577 3736 617 3800 ad
640 3737 725 3800 hunc
746 3737 851 3801 locum
873 3734 1013 3812 rettulit,
1043 3736 1127 3799 recte
1157 3731 1388 3812 interpretatur

173 3842 370 3936 ‘requiruntz
409 3844 442 3906 in
477 3844 663 3908 memoriam
697 3829 879 3917 revocant';
912 3861 977 3906 non
1012 3843 1098 3906 recte
1136 3837 1286 3904 describit
1316 3854 1388 3900 eam

169 3948 233 4012 rim
262 3948 424 4014 Baehrens
458 3951 548 4046 tdum
578 3949 685 4033 ahma)
715 3969 753 4014 er
775 3949 861 4033 ali(o)
886 3949 1019 4031 quaerit,
1044 3947 1119 4029 quid
1143 3942 1324 4028 argumenti
1348 3941 1387 4006 ad

170 4055 347 4120 cauendum
370 4051 591 4138 excogitaverit
615 4044 817 4138 adseratque'
843 4093 885 4102 -
909 4057 969 4121 hcc
993 4056 1077 4120 enirn
1101 4073 1169 4119 sero
1188 4069 1274 4116 nuno
1288 4049 1387 4114 fieret.

170 4161 257 4226 Certi
280 4165 363 4227 enim
387 4165 462 4228 sunt
486 4166 518 4228 et
542 4182 725 4229 communes
750 4163 879 4245 quidam
900 4163 969 4252 loci,
994 4163 1049 4243 qui
1071 4162 1104 4225 in
1123 4160 1240 4225 talibus
1258 4157 1388 4222 cantile-
