2934 4742
726 187 885 279 „92-

192 377 274 441 illud
296 375 452 440 meruisse
475 374 566 439 nobis
589 374 742 452 ridemur,
766 377 804 438 ut
825 375 991 439 flammeas
1014 375 1087 438 illas
1110 393 1201 439 voces
1230 374 1410 439 medullitus

192 483 325 547 haustas
349 482 401 546 hic
424 479 535 545 afferre
550 481 654 558 liceat,
679 499 760 562 queo
776 481 957 563 nuperrime
973 499 1047 546 curn
1063 481 1178 563 spiritu
1193 480 1258 546 lore
1282 482 1410 547 cohibito

193 589 427 654 Wilemowitzii
450 587 488 651 de
512 587 673 670 Euripidis
696 587 834 652 Hercule
857 587 974 652 librum
996 587 1174 668 legeremus
1200 588 1244 652 ibi
1273 591 1411 671 cognori-

192 714 281 760 mus:
313 694 372 758 dos
394 693 490 771 Diod,
513 692 574 758 dos
601 691 690 756 nicht
718 693 776 757 der
804 693 957 774 daompfers
990 712 1098 776 menpe
1126 697 1241 771 ertdot,
1275 694 1336 758 das
1365 695 1412 759 dor

192 801 315 868 dichter
335 800 424 865 nield
446 800 532 882 sinyt
554 799 606 864 die
628 798 793 864 menschen
815 818 857 864 ru
879 799 1005 864 bessem
1018 799 1090 864 ond
1102 819 1144 865 su
1159 799 1318 878 teketrers,
1342 801 1412 866 nost

192 908 239 972 sie
261 927 303 973 ru
325 911 470 989 erydteers
491 905 562 970 uod
583 925 624 971 so
646 905 863 984 ruchatica,
888 906 947 970 dos
969 927 1004 970 er
1035 926 1101 970 nur
1131 907 1189 970 der
1217 906 1316 972 Messe
1345 909 1413 972 odor

193 1019 274 1079 etwa
296 1015 354 1079 der
373 1012 523 1095 peliehterr
545 1013 640 1094 strepi,
664 1012 725 1076 das
747 1011 829 1076 echte
852 1011 919 1076 died
940 1016 1041 1076 erthst
1062 1031 1123 1076 core
1134 1011 1249 1077 Ieshos
1263 1014 1335 1077 ond
1355 1034 1414 1078 nur
1444 1061 1445 1066 η

192 1140 254 1186 oon
281 1120 397 1185 Lesbos
404 1139 416 1198 ;
450 1138 482 1184 es
515 1123 618 1184 ertdrtt
650 1118 702 1184 als
737 1120 794 1184 der
826 1119 1112 1201 sctwaoeepesaoq
1146 1119 1202 1184 der
1235 1121 1413 1184 sterberrdm
1444 1073 1446 1168 i

192 1226 366 1292 aarum
389 1226 503 1292 asur.
549 1223 681 1309 sappho
702 1225 782 1290 ceo
804 1226 909 1308 enee
931 1225 975 1290 ea
997 1227 1035 1290 a
1064 1225 1121 1290 ee
1149 1245 1273 1308 paese„
1300 1227 1410 1292 moe
1446 1187 1447 1246 Ὺ

190 1333 361 1417 peschichte
384 1333 438 1397 des
459 1332 674 1415 prieehischert
700 1333 833 1418 peistes5
862 1333 933 1398 und
959 1352 1051 1398 werse
1079 1333 1128 1398 sie
1155 1332 1243 1398 neh
1274 1353 1308 1398 so
1336 1353 1413 1417 pons
1447 1301 1448 1374 i

191 1444 293 1505 natur
314 1444 409 1517 mitre,
432 1439 542 1504 ws'irds
565 1459 643 1504 rnen
663 1439 710 1504 sie
732 1440 789 1521 fiir
810 1438 1044 1522 onhcyreislich
1066 1439 1183 1505 holten.
1448 1417 1449 1496 i

281 1653 352 1718 Iam
375 1655 500 1718 textum
523 1657 556 1717 et
579 1653 721 1718 ordinem
744 1654 894 1719 carminis
918 1673 1001 1732 eum,
1025 1673 1121 1736 quem
1136 1673 1342 1737 recuperasse
1364 1675 1414 1718 no
1450 1645 1451 1726 i

193 1760 242 1825 bis
258 1760 411 1836 ridemur,
433 1761 486 1824 hic
501 1762 539 1824 ut
554 1760 731 1842 legentium
747 1760 910 1826 commodo
926 1761 1151 1825 inserviremus
1171 1762 1333 1843 integrum
1349 1781 1414 1845 pro
1451 1761 1452 1818 l

192 1867 367 1950 posuimus,
392 1866 636 1948 addidimusque
667 1867 764 1930 simul
793 1867 947 1949 potiorem
977 1867 1122 1932 lectionis
1154 1868 1372 1933 diversitatem
1399 1885 1414 1931 e
1452 1876 1453 1968 p

192 1974 294 2039 nitida
311 1973 473 2039 Schwabei
497 1973 634 2038 editione
659 1974 761 2038 altera
784 1975 946 2056 sumptam
969 1975 1087 2056 apertis
1104 1974 1311 2038 scribentium
1336 1993 1414 2039 erro
1453 1989 1454 2074 p

192 2081 280 2146 ribus
305 2081 439 2145 omissis.
462 2079 657 2162 'Archetypi
681 2082 791 2144 autem
814 2080 987 2162 scripturas
1011 2079 1161 2157 divinare,
1188 2081 1289 2174 ‘unde
1313 2099 1414 2145 exem·
1453 2104 1455 2199 p

192 2187 294 2270 plaria
317 2188 350 2251 et
372 2187 522 2268 gallicum
546 2184 602 2269 (T)
626 2187 659 2250 et
681 2204 852 2250 veronense
876 2184 940 2268 (V)
970 2185 1107 2251 deducte
1130 2174 1238 2263 sunt',
1269 2188 1414 2268 quoniam

194 2293 321 2357 omnino
344 2292 502 2356 incertum
526 2294 576 2356 cst
606 2292 643 2356 cf.
669 2292 818 2357 Schwabe
847 2293 879 2355 in
911 2293 984 2356 edit.
1013 2293 1105 2376 prior.
1136 2314 1166 2376 p.
1194 2291 1359 2375 XXqu.‚
1386 2295 1415 2356 in
1456 2333 1457 2418 p

193 2398 307 2463 horum
330 2398 483 2462 librorum
506 2399 660 2462 memoria
684 2399 949 2480 acquiescendum
974 2401 1030 2463 est.

636 2916 975 2998 Epithalamium

282 3053 404 3136 Vesper
428 3053 527 3130 adest,
550 3053 689 3131 iuvenes,
713 3055 910 3136 consurgite:
934 3054 1057 3138 Vesper
1081 3053 1217 3138 Olympo
1332 3065 1378 3118 ah

282 3160 456 3242 Expectata
478 3159 533 3224 diu
556 3161 607 3224 rix
630 3160 761 3224 tandem
783 3161 906 3224 lumina
928 3161 1022 3236 tollit,

285 3281 421 3376 Surgere
445 3283 509 3347 iam
533 3287 669 3366 tempus,
692 3285 757 3349 iarn
780 3285 914 3367 pingues
936 3285 1081 3367 linquere
1104 3304 1250 3350 mensas:
1331 3297 1348 3349 b

282 3387 351 3451 Icm
376 3389 481 3452 veniet
503 3391 600 3472 virgo,
623 3391 688 3455 iarn
712 3391 836 3455 dicetur
858 3391 1063 3474 hymenaeus.

231 3531 244 3571 a
327 3511 454 3594 Hymen
478 3531 496 3576 o
519 3513 712 3595 Hymenaee,
735 3515 862 3598 Hymen
887 3516 962 3580 odes
986 3535 1003 3580 o
1026 3515 1219 3598 Hymenaee.
1329 3527 1366 3578 ab

270 3757 539 3814 EPITHALAMIVM
566 3759 711 3815 CATVLLI
737 3762 899 3817 imcrrhe'tur
931 3765 962 3818 in
995 3762 1023 3817 Τ.
1069 3762 1274 3833 Epithalamium
1309 3763 1417 3833 Quinti-

194 3847 287 3901 lianus
305 3864 409 3916 quoque
427 3849 549 3902 nominat
567 3851 600 3916 of.
620 3849 657 3902 ad
681 3850 724 3905 45.
762 3849 929 3904 Exametrum
953 3869 1056 3906 carmon
1079 3851 1198 3922 nuptiale
1222 3853 1368 3922 inscripsit
1391 3871 1418 3923 y,

192 3937 263 3990 idem
282 3938 378 3990 soclus
396 3937 426 3989 in
445 3938 539 3991 ceteris
559 3938 635 3991 honis
691 3939 706 3993 l
725 3955 743 4006 p
761 3939 792 3991 in
817 3941 938 4008 rsoryine
962 3941 1072 3995 addidit
1096 3941 1134 3994 od
1159 3942 1171 3993 1
1191 3939 1280 3994 Turba
1303 3942 1418 3996 virorum

193 4025 318 4079 6Puelle
351 4027 383 4079 ll
402 4025 492 4079 Puolle
524 4026 559 4080 20
581 4026 671 4080 Puelle
703 4027 738 4082 26
762 4027 871 4081 Iuvenes
902 4029 1045 4082 32Pue110
1076 4031 1111 4084 39
1131 4029 1220 4082 Puella
1251 4030 1287 4083 49
1306 4029 1418 4085 Iuvenes

192 4113 253 4168 Nos
270 4114 394 4168 iuuenum
413 4120 505 4182 portes
523 4115 614 4169 littero
626 4131 652 4183 a,
667 4117 821 4182 puellarum
835 4117 924 4171 littero
939 4118 955 4171 h
969 4119 1139 4186 sipnuvimos
1155 4123 1292 4187 totumque
1311 4135 1420 4174 sermea

192 4201 230 4254 ad
247 4203 420 4271 stropharum
438 4203 600 4272 aequatam
618 4205 751 4258 rationem
768 4203 929 4272 redsyr'mus.
