2928 4724
707 125 866 213 -.Q

171 311 228 376 scd
252 311 350 376 etiam
372 310 575 394 responsione
599 309 817 394 antistropbae
847 312 880 374 et
908 310 1057 392 strophae
1080 309 1129 373 bis
1152 309 1268 372 notata
1291 306 1410 371 defini·

170 420 225 483 tur
255 420 287 482 et
316 418 486 482 excusatur
515 417 722 482 iuvencarum
751 417 838 480 notio
869 415 908 480 de
933 415 1145 496 agricolarum
1168 413 1219 478 vel
1248 413 1408 477 uxoribus

171 524 223 588 vel
251 523 325 588 filiis
354 523 585 605 intellegenda,
615 523 653 586 de
678 522 794 604 quibus
818 522 960 586 Pleitner
985 539 1110 604 quoque
1133 521 1153 584 l.
1177 541 1202 584 c.
1224 540 1255 604 p.
1279 527 1339 596 76,
1369 520 1408 582 in

171 630 243 695 aliis
265 629 535 713 interpretationis
551 647 628 694 suae
652 629 828 693 rationibus
852 628 911 694 sibi
933 647 1049 711 pamm
1064 631 1224 705 constans,
1246 627 1298 692 hio
1314 629 1406 691 recte

170 737 400 820 interpretatus
431 739 489 800 est.
534 738 581 802 Ac
611 736 639 799 si
660 735 815 800 Horatius
842 737 876 800 in
906 754 931 799 c.
954 735 988 798 Π
1012 742 1051 812 8,
1076 744 1116 799 21
1148 735 1225 800 dicit
1262 737 1307 829 tte
1333 733 1407 798 suis

170 844 291 908 matres
326 845 478 908 metuunt
510 829 679 918 iuvencis',
717 842 799 906 filies
825 842 983 924 significat
1016 842 1175 906 matribus
1206 841 1295 924 prius
1327 859 1408 904 con·

169 949 367 1015 iunctissime
390 950 579 1024 nominatis;
602 949 672 1032 pari
695 948 845 1014 modoad
866 949 1003 1014 notionis
1028 966 1105 1012 suae
1129 947 1294 1030 angustias
1317 947 1407 1011 redi·

171 1055 257 1139 gitur
292 1057 378 1140 apud
410 1055 575 1122 Catullum
609 1056 816 1120 iuvencarum
852 1056 1041 1138 significatio
1073 1058 1105 1119 et
1133 1042 1302 1120 verborum
1330 1055 1407 1136 ipsa

169 1163 373 1228 collocatione
403 1165 436 1227 et
464 1162 677 1246 responsionis
705 1163 784 1244 lege.
840 1162 964 1227 Addere
996 1161 1092 1226 liceat
1119 1161 1273 1226 Pleitneri
1302 1161 1405 1226 verba

169 1271 191 1334 l.
208 1288 233 1334 o.
254 1290 283 1353 p.
309 1275 350 1335 75
373 1271 469 1334 haec:
493 1267 570 1332 bold
590 1268 691 1346 diere,
712 1267 789 1332 bald
804 1268 880 1350 joae
901 1287 963 1332 voa
986 1268 1047 1332 den
1062 1267 1185 1332 Leucoe
1201 1267 1255 1331 des
1269 1267 1405 1330 Ηεννεα

171 1373 278 1440 locem
304 1375 341 1438 τ’νν
370 1375 458 1440 einer
489 1374 605 1456 λοιμον
628 1374 730 1440 Recto
752 1394 814 1440 νοα
836 1373 966 1440 ιῙολνενν
989 1375 1059 1440 dem
1082 1374 1208 1438 ciocum
1229 1372 1404 1438 cesenam

177 1479 357 1548 Weo'nstoclo
379 1481 430 1546 die
451 1481 596 1565 ςελόνιμο
618 1480 724 1564 Ptlepe
746 1480 938 1547 ναλοννιναεα.

261 1588 366 1652 Huius
390 1607 463 1654 vero
488 1589 705 1654 similitudinis
730 1589 917 1672 simplicitas
941 1593 975 1654 et
997 1592 1165 1665 venustas,
1195 1591 1233 1652 ut
1256 1605 1307 1651 res
1331 1588 1405 1670 ipsa

72 1710 75 1716 ·
173 1694 215 1758 ad
237 1695 438 1760 pollutionem
462 1695 604 1760 adbibita
630 1715 697 1760 non
721 1696 770 1760 est
791 1695 919 1779 propria
941 1697 1038 1760 moris
1061 1695 1212 1781 Romani,
1243 1694 1322 1758 item
1347 1693 1405 1756 ab·-

172 1801 282 1865 horret
311 1819 330 1865 a
359 1801 447 1884 poesi
470 1801 699 1879 Alexandrina,
731 1801 815 1866 unde
838 1801 943 1866 Bonin
964 1802 985 1864 l.
1009 1821 1034 1865 ο.
1056 1821 1087 1884 p.
1111 1809 1129 1866 7
1155 1801 1309 1883 originem
1332 1800 1405 1863 eius

171 1908 380 1992 repetendam
412 1926 480 1972 esse
511 1909 709 1991 opinabatur.
757 1907 885 1973 Scilicet
908 1908 1013 1991 imago
1036 1909 1092 1972 ille
1115 1908 1189 1972 vitis
1213 1907 1254 1971 ad
1276 1907 1405 1970 ulmum

173 2015 366 2098 applicatae,
396 2032 478 2096 quae
500 2014 770 2080 necessitudinem
792 2015 877 2078 inter
900 2033 1010 2079 sexum
1033 2015 1239 2080 infirmiorem
1268 2015 1301 2077 et
1322 2012 1405 2077 vali·

172 2121 293 2186 diorem
325 2121 576 2186 intercedentem
612 2121 783 2204 specimine
819 2121 925 2203 aliquo
955 2124 1090 2186 naturae
1119 2140 1195 2185 cum
1216 2119 1404 2185 inaffectata

172 2227 306 2291 veritate
335 2226 522 2309 simpliciter
551 2228 714 2310 proponit,
750 2247 787 2292 ex
816 2228 912 2291 buius
937 2228 996 2291 viri
1026 2228 1141 2293 iudicio
1165 2227 1328 2292 simillima
1353 2229 1405 2290 est

173 2333 212 2411 el,
235 2351 333 2415 quam
355 2333 525 2416 Antipater
547 2332 698 2411 ¹Sidonius
721 2335 755 2396 in
777 2335 906 2399 Antbol.
928 2334 976 2398 IX
1000 2342 1062 2401 231
1088 2333 1224 2398 effinxit:

351 2437 451 2528 Αὔην
472 2463 513 2523 με
536 2439 759 2505 πλατάνιστον
781 2435 1008 2528 ἐφερπύζοοσα
1031 2440 1193 2506 καλύπτει

394 2545 562 2629 Ια’μπελος·
587 2542 699 2634 ὀθνείῃ
722 2535 753 2610 d'
773 2545 987 2635 ἄμφιτέθηλα
1010 2546 1103 2635 κόμῃ,

351 2649 371 2740 ἢ
394 2651 474 2740 πρὶν
497 2651 588 2735 ἐμοῖς
611 2651 816 2718 θαλέθοισιν
839 2642 1037 2740 ἐνιθρέψαο’
1064 2651 1257 2741 ὀροδάμνοις

395 2759 546 2846 βότρυας,
569 2761 589 2847 ἡ
611 2758 731 2847 ταύτης
754 2757 812 2824 οὐκ
834 2758 1065 2848 ἀπετηλοτέρη.

356 2861 454 2954 Ίοίην
475 2862 586 2949 μέντοι
608 2861 725 2932 ἔπειτα
747 2863 952 2954 τιθηνεῖσθαι
975 2890 1026 2944 τις
1050 2863 1190 2954 ἑταίρην,

396 2975 467 3061 ἥτις
490 2969 705 3060 ἀμείψασθαι
728 2971 785 3038 καὶ
808 2972 898 3040 νέκυν
920 2965 988 3039 οἶδε
1009 2974 1100 3062 μόνη.

172 3077 314 3144 Plutone
342 3079 412 3142 aad
440 3078 619 3145 Weoestoee
642 3116 684 3125 -
707 3081 814 3162 inquit
836 3117 879 3126 -
901 3080 1009 3146 stebea
1036 3080 1107 3145 bier
1132 3099 1217 3162 paor
1245 3080 1293 3144 im
1323 3079 1401 3145 Ver·

173 3182 296 3250 audete
310 3184 397 3248 ciues
413 3183 576 3250 liebendea
590 3184 726 3264 Poores,
747 3186 865 3268 perede
887 3205 921 3251 so
945 3188 1004 3252 ooc'e
1027 3187 1077 3252 λετ
1103 3185 1212 3252 deuo
1235 3187 1288 3252 die
1311 3185 1401 3254 Ulmc

173 3290 244 3356 aad
266 3290 317 3355 die
340 3289 424 3356 Reae
447 3291 602 3374 affertque
626 3294 713 3358 idem
736 3294 770 3356 in
793 3293 927 3359 eandem
950 3313 1018 3359 rem
1043 3294 1177 3360 Goethei
1200 3297 1233 3358 et
1257 3294 1401 3376 elegiam,

175 3416 258 3481 quas
280 3396 441 3479 Λαμνίαν
462 3399 655 3474 inscribitur,
678 3402 712 3464 et
735 3401 928 3465 sententiam
952 3402 1049 3466 banc:

353 3503 472 3585 Epheso
493 3505 563 3569 uad
579 3505 638 3570 eie
659 3505 796 3570 edrtle'ob
821 3505 936 3573 Gemuit

352 3609 463 3692 Heflet
483 3610 551 3675 stole
574 3630 619 3675 αα
641 3612 711 3676 aad
730 3617 830 3693 pretet
851 3613 922 3678 aad
943 3613 1038 3692 olata

218 3740 221 3744 ·
352 3716 457 3782 Κονινι
480 3738 513 3782 es
534 3717 637 3782 wodor
660 3715 781 3784 Stomm
803 3720 883 3784 acob
905 3715 1028 3784 Μοαεν
1048 3720 1167 3801 finden,

188 3847 192 3855 ·
354 3823 403 3888 Es
424 3844 512 3888 muse
534 3824 715 3902 ocrdorrea,
738 3846 771 3890 es
793 3846 882 3890 muso
904 3825 1149 3892 νενεολιοινιᾶεν.

174 3930 255 3996 Mihi
271 3930 400 4012 quidem
423 3931 625 3995 haecomnia
647 3931 757 3996 iubae
779 3950 888 3996 rerum
905 3934 1043 4015 quadam
1067 3934 1275 4000 similitudine
1291 3938 1402 4000 tamen

175 4036 388 4102 dissimillimo
419 4037 568 4102 videntur
595 4036 741 4118 reditque
774 4057 812 4102 ea
842 4039 1066 4106 dissimilitudo
1097 4042 1137 4105 ad
1160 4042 1250 4106 illam
1273 4038 1402 4108 notissi-

174 4161 263 4210 mam
287 4145 412 4226 generis
436 4144 671 4222 diversitatem,
701 4163 784 4226 quae
812 4146 939 4211 nativae
970 4149 1019 4212 est
1048 4164 1178 4230 poeseos
1210 4149 1275 4214 sire
1299 4151 1403 4233 ipsam
