2934 4742
583 209 739 301 „em

51 394 144 475 poesis
173 397 208 458 et
232 394 414 459 litterarum
434 396 525 460 velut
548 397 646 460 radiis
670 397 734 460 icta
764 399 796 460 et
824 395 985 479 tepefacta
1011 415 1081 493 cver
1103 415 1222 461 novum
1246 398 1279 461 et

53 497 217 565 canorum*
248 504 433 565 nasceretur
467 501 505 566 cf.
537 502 728 568 ORibbeck
751 504 771 567 l.
795 522 820 568 e.
851 503 868 566 I
896 523 925 586 p.
950 512 1024 570 307.
1069 504 1163 568 Riese
1187 501 1278 566 utut.

51 627 76 690 p.
95 607 133 670 V.
195 607 284 674 Comi
314 607 397 672 Novi
427 613 496 672 erat
525 613 619 692 poeta
648 611 701 673 ille
734 609 906 686 Caecilius,
937 610 977 673 ad
1007 628 1103 691 quem
1131 609 1278 675 Catullus

52 731 74 776 o.
93 714 218 778 XXXV
242 715 377 797 scripsit.

132 819 258 900 Quodsi
281 821 371 884 Malii
394 822 515 886 amicus
539 841 598 887 nec
621 822 759 905 coniugii
781 821 910 887 fortuna
937 821 1056 886 fruitur
1078 841 1137 888 nec
1160 823 1278 887 veteris

52 927 148 1008 poesis
176 927 340 992 dulcedine
371 929 404 991 in
428 929 598 1010 angoribus
622 929 688 994 suis
712 930 905 1006 oblectatur,
933 931 1056 994 veteres
1079 932 1191 1012 poetae
1214 948 1278 993 non

46 1035 112 1126 tam
136 1036 342 1116 opponuntur
357 1035 447 1098 nouis
463 1036 574 1117 poetis,
599 1055 697 1117 quam
720 1035 835 1100 idcirco
858 1034 1073 1113 nominantur,
1098 1035 1172 1117 quia
1188 1035 1278 1100 Muti

54 1140 171 1204 amicus
201 1159 238 1204 ea
268 1142 472 1224 occupatione
504 1142 570 1206 iam
600 1143 633 1206 in
660 1142 752 1206 anxio
777 1161 834 1206 suo
858 1144 946 1205 statu
969 1160 1032 1205 nen
1056 1141 1188 1224 gaudet,
1221 1142 1278 1207 sed

53 1247 118 1310 novi
142 1247 265 1328 aliquid
281 1249 390 1330 captet
406 1248 471 1312 sive
487 1249 585 1312 Malia
603 1249 730 1314 videtur
746 1251 884 1332 captare,
907 1250 945 1311 ut
968 1249 1112 1312 animum
1135 1267 1154 1312 a
1169 1267 1278 1312 rerum

54 1353 191 1417 tristium
220 1354 411 1436 cogitatione
442 1354 590 1420 abducat.
615 1391 655 1404 -
680 1355 802 1420 Deinde
832 1355 912 1418 illud
945 1355 1042 1418 etiam
1070 1354 1277 1436 intellegitur,

54 1477 118 1524 eam
139 1461 357 1525 calamitatem
380 1462 479 1526 talem
502 1461 610 1539 fuisse,
634 1463 666 1525 in
685 1481 748 1544 qua
764 1481 859 1544 aeger
882 1462 1008 1525 animus
1033 1463 1130 1526 etiam
1152 1464 1278 1544 pateret

54 1565 235 1649 aditumque
266 1569 432 1650 praeberet
462 1569 511 1632 his
543 1569 713 1633 levioribus
743 1568 984 1633 oblectamentis
1008 1569 1106 1650 atque
1131 1587 1164 1633 se
1186 1567 1277 1633 novis

53 1673 240 1737 carminibus
265 1677 297 1738 et
321 1674 483 1739 amatoriis
500 1675 671 1738 exhilarari
693 1676 745 1740 vel
761 1694 779 1739 a
795 1677 879 1740 curis
903 1675 944 1738 ad
968 1675 1109 1756 aliquam
1132 1676 1278 1757 volupta-

56 1781 119 1842 tem
141 1779 253 1845 deduei
277 1781 403 1845 sineret.

138 1991 220 2071 Quid
250 1993 350 2075 igitur
378 1995 491 2077 petivit
522 1996 561 2059 ab
592 1996 693 2059 amieo
725 2014 781 2078 pro
814 1993 932 2058 afflicto
955 1993 1032 2057 illo?
1072 2011 1221 2087 ‘munera
1245 1995 1302 2058 et

54 2098 216 2163 Musarum
240 2103 272 2164 et
295 2089 454 2166 Veneris'.
500 2101 610 2184 Pergit
633 2103 698 2166 iam
722 2101 869 2166 Catullus
893 2100 955 2164 sie:

161 2216 199 2270 11
227 2203 292 2271 sea
313 2207 373 2270 tibi
394 2228 434 2271 ue
456 2227 527 2271 uec
550 2207 616 2271 siut
638 2208 748 2289 tyuetu
770 2203 977 2282 tautummodo,
1001 2204 1100 2283 Muli,

270 2311 345 2376 Neu
367 2333 415 2377 ue
438 2313 540 2376 odisse
559 2318 653 2393 putes
674 2312 809 2393 hospitis
831 2311 983 2392 officium,

225 2419 345 2498 Accipe
369 2421 441 2500 quis
464 2439 581 2484 merser
603 2421 753 2501 fortunae
774 2418 925 2498 fluctibus
948 2418 1025 2498 ipse,
1136 2405 1138 2412 ’

270 2525 321 2590 Ne
344 2526 485 2609 amplius
508 2548 530 2591 a
552 2527 667 2592 misero
690 2527 775 2590 douc
798 2524 891 2590 beatu
908 2528 1012 2605 petes.

57 2629 148 2694 Poeta
169 2633 282 2714 igitur,
314 2635 368 2714 qui
402 2635 499 2730 cipse
530 2638 733 2698 mersatur
762 2634 908 2697 fortunae
939 2621 1116 2708 fluctibus’,
1148 2632 1209 2695 etsi
1231 2631 1278 2695 ita

58 2741 304 2804 communionem
335 2741 496 2823 quandam
526 2741 672 2806 fortunae
701 2760 774 2804 eum
805 2741 906 2804 altero
937 2739 992 2802 illo
1021 2739 1133 2814 habet,
1167 2740 1277 2802 tamen

57 2844 153 2925 peiore
176 2847 279 2910 utitur
295 2849 474 2914 condicione
493 2867 589 2930 quam
613 2849 649 2925 is,
674 2849 729 2929 qui
756 2845 996 2944 ‘naufragus
1021 2845 1180 2909 eiectus
1197 2830 1274 2908 est'

59 2949 94 3013 ad
114 2951 198 3018 litus.
246 2952 330 3032 Quid
353 2955 414 3019 sibi
437 2955 596 3032 acciderit,
620 2953 771 3037 proximis
796 2952 939 3017 versibus
964 2951 1100 3015 indicat:

162 3069 201 3126 15
227 3060 378 3142 Tempore
401 3082 462 3142 quo
479 3062 627 3142 primum
649 3060 744 3124 vestis
765 3057 846 3122 mibi
868 3057 993 3120 traditu
1009 3076 1101 3137 pura
1124 3059 1177 3132 est,

270 3167 450 3232 Iocuuduu
472 3189 543 3231 mun
568 3172 656 3232 actus
676 3165 796 3246 florida
819 3185 874 3228 cer
896 3167 1010 3244 aguet,

226 3273 338 3340 Multa
360 3276 442 3340 satis
464 3275 547 3340 tusi:
569 3295 634 3340 uou
657 3279 701 3338 est
724 3273 784 3338 deu
805 3271 914 3336 uesciu
937 3270 1040 3334 uestri

273 3383 363 3462 Quoue
386 3381 508 3446 dudem
532 3382 620 3446 curis
642 3382 751 3444 miscet
773 3378 975 3444 auaritiam:

227 3486 294 3552 Sed
315 3493 413 3553 totum
435 3489 491 3552 boe
513 3489 658 3552 studium
682 3486 767 3551 luctu
789 3487 940 3568 fruteruu
963 3483 1044 3548 ulti
1067 3503 1153 3547 mors

164 3602 204 3660 20
271 3594 421 3659 Abstulit.
468 3595 624 3660 omisero
645 3595 749 3676 frater·
772 3593 915 3676 adempte
938 3591 1027 3668 utut,
1114 3668 1121 3678 ⁶

228 3701 278 3765 Tu
301 3721 372 3766 meu
394 3707 430 3766 tu
452 3702 590 3767 utorieus
612 3701 737 3784 fregisti
759 3699 929 3777 commoda,
950 3699 1063 3780 frater,

274 3808 388 3873 Tecum
410 3831 480 3874 uua
503 3814 568 3874 totu
591 3813 637 3873 est
658 3811 769 3872 uostru
790 3806 916 3888 sepulto
940 3806 1057 3880 domus,

229 3914 348 3981 Ouuiu
370 3922 471 3982 tecum
493 3938 563 3981 uuu
582 3917 751 3996 perteruut
771 3914 898 3996 gaudio
920 3915 1039 3989 uestra,

273 4024 363 4105 Quae
384 4029 461 4088 tuus
483 4025 520 4089 lu
542 4025 610 4088 vitu
634 4021 738 4087 dubis
761 4020 865 4086 alebat
888 4039 987 4084 umor.

68 4117 70 4122 ¹
163 4138 202 4196 25
230 4129 332 4196 Gutus
355 4152 408 4213 eqo
430 4132 566 4196 tuterttu
588 4135 652 4195 totu
676 4129 714 4194 de
736 4133 838 4193 ruente
858 4127 972 4208 fugavi

270 4240 362 4304 Haec
384 4240 495 4305 dudio
518 4244 612 4322 utque
635 4257 741 4302 omues
763 4235 897 4302 delictas
919 4235 1033 4300 animi.
