2934 4742
680 191 841 282 ..l-⁶}-

147 403 175 449 v.
203 391 242 448 19
267 380 472 457 describitur,
503 381 648 444 streete
672 379 795 461 primus
818 377 897 442 vidit
920 379 1099 456 Baehrens,
1127 377 1280 462 idemque
1306 399 1389 444 oum

146 508 244 555 senex
267 489 352 553 esset
375 505 430 551 eas
454 486 545 551 sedes
568 487 682 551 tenuit.

237 595 334 660 Porro
359 593 443 676 quod
466 593 533 658 loeo
550 595 717 676 corruptae
741 596 774 658 et
796 593 890 676 plane
913 593 1142 676 inexplicabilis
1162 594 1247 658 voois
1289 581 1386 658 voto'

147 701 366 785 reponendum
396 700 522 765 oensuit
545 700 709 765 Baehrens
736 687 871 796 natae,
900 699 932 762 id
961 699 1036 764 huie
1064 700 1133 764 loeo
1156 719 1219 764 non
1243 701 1293 765 ιιι
1316 699 1392 764 ido·

148 827 254 873 neum
300 807 484 872 Nemeum
507 808 578 870 mut
580 807 633 870 ata
656 805 787 870 fuisse'
778 824 875 870 ianua
917 805 950 870 in
967 792 1149 869 dominum'
1174 807 1390 886 veteremque

148 914 327 980 deseruisse
350 913 448 978 fidem
470 912 608 988 feratur,
631 912 805 976 nondum
798 931 824 976 ιι
849 911 998 976 dominus
1022 911 1179 994 signifieat
1180 931 1220 976 us
1243 913 1302 988 est,
1329 911 1393 992 qui

149 1020 327 1085 Balbum'
318 1039 352 1083 ιιι
386 1019 455 1084 eius
478 1018 591 1088 domus
616 1019 813 1101 possessione
837 1018 1003 1101 exciperet
1050 1017 1122 1097 Qua
1145 1018 1183 1083 de
1207 1036 1306 1083 eausa
1330 1037 1394 1082 ne-

150 1147 257 1222 que
261 1113 372 1192 natae
405 1143 509 1206 neque
541 1143 622 1206 qnae
653 1143 727 1190 enm
756 1143 795 1190 ea
825 1125 1007 1190 eonieotura
1038 1125 1197 1188 artissime
1233 1125 1393 1190 cohaeret

149 1234 254 1298 altera
286 1231 475 1297 Baehrensii
511 1235 700 1328 postquam
735 1233 785 1296 est
818 1234 963 1315 porreoto
998 1231 1085 1296 faeta
1119 1249 1174 1296 era
1200 1231 1260 1296 rite
1289 1218 1389 1295 sene'

150 1342 238 1404 stare
261 1357 301 1422 po
302 1341 376 1404 t.est
425 1337 519 1404 Sed
510 1358 544 1401 ιιι
577 1325 668 1403 voto’
685 1339 786 1403 latere
809 1339 905 1404 debet
926 1357 1043 1403 nomen
1060 1338 1188 1420 aliquod
1210 1337 1392 1420 proprium,

150 1445 347 1529 respondens
371 1444 494 1509 nomini
517 1445 611 1509 alteri
654 1432 767 1509 Balbo'
794 1463 851 1528 per
874 1446 1113 1529 oppositionem
1160 1443 1392 1528 suppeditavit

151 1553 232 1617 mihi
261 1552 296 1618 P.
319 1551 517 1616 Krnmbholz
555 1550 655 1629 Varo,
692 1551 776 1633 qnod
810 1570 926 1616 nomen
958 1552 1017 1617 viri
1046 1571 1110 1616 non
1144 1551 1251 1615 minus
1279 1550 1393 1632 ignoti

152 1676 252 1741 quarn
275 1658 368 1723 Balbi
391 1659 459 1722 looo
482 1659 651 1740 corruptae
675 1658 761 1722 vonis
787 1654 888 1746 'voto'
918 1677 991 1722 enm
1014 1658 1080 1722 reri
1103 1655 1311 1721 similitudine
1337 1675 1392 1720 re·

152 1765 290 1848 ponitur.
334 1764 419 1846 Ergo
446 1766 533 1829 reete
564 1783 597 1828 se
625 1764 724 1829 habet
748 1763 910 1830 Schwabei
940 1764 1162 1847 interpretatio
1191 1762 1391 1828 conferentis

152 1871 235 1936 Livii
257 1871 384 1935 XXVII
408 1879 460 1948 31,
483 1877 502 1936 5
532 1889 602 1959 ⁸per
625 1872 759 1936 maritas
782 1867 918 1936 domos'.

244 1976 307 2044 Sed
334 1978 415 2042 haee
445 1978 551 2042 omnia
582 1978 797 2061 superioribus
827 1978 1025 2062 temporibus
1041 1977 1142 2046 ,laeta
1172 1979 1313 2059 arguunt
1335 1977 1391 2041 in-

152 2083 270 2150 finitivi
292 2084 460 2167 praeteriti
482 2085 635 2168 temporis
661 2079 826 2172 ‘servisse’
851 2085 885 2148 in
907 2105 935 2149 v.
960 2092 979 2150 3
1004 2085 1037 2149 et
1061 2093 1090 2161 5,
1115 2079 1325 2172 ‘deseruisse'
1351 2084 1392 2148 in

153 2211 182 2255 v.
206 2197 244 2265 8;
267 2210 354 2256 nune
376 2210 450 2255 vero
473 2210 511 2256 ea
532 2191 629 2255 ianua
652 2191 831 2273 domusque
855 2194 905 2256 est
928 2191 1065 2258 dabellii.
1111 2190 1203 2255 Idem
1225 2189 1290 2255 fere
1314 2190 1390 2256 iam

153 2297 281 2361 monuit
302 2297 466 2362 Baehrens
491 2297 531 2362 od
554 2317 582 2362 v.
608 2307 681 2379 ιιι.
705 2316 734 2380 p.
758 2305 877 2379 484sq.

637 2593 903 2602 ..--

637 2605 903 2614 --———-—-—o-

551 2851 984 2942 Addendum.

230 3002 294 3058 Cum
313 3003 366 3057 iarn
385 3019 415 3056 ea
434 3019 500 3073 quae
519 3003 550 3057 de
569 3020 591 3058 e.
604 3003 714 3056 [XVIII
732 3004 850 3074 exposita
869 3007 932 3058 sunt
950 3004 1021 3075 typis
1040 3003 1172 3074 descripta
1189 3006 1284 3070 essent,
1304 3020 1390 3059 novos

154 3093 223 3147 duos
250 3093 282 3147 de
309 3093 399 3146 eodem
426 3093 541 3146 earmina
565 3093 668 3146 libellos
694 3093 821 3163 prodiisse
847 3093 972 3163 oomperi;
1002 3108 1070 3146 unus
1092 3095 1135 3146 est
1152 3091 1389 3147 Hosrsehslmanni

155 3182 263 3236 libellus
285 3179 394 3253 ‘eatan
411 3177 458 3235 68²
480 3181 592 3251 Dorpati
610 3181 637 3236 h.
656 3199 679 3235 ι.
699 3182 749 3248 ed,
773 3198 851 3252 quern
873 3182 901 3236 in
919 3182 1039 3250 eatalogo
1056 3181 1186 3252 Lipsiensi
1208 3181 1389 3252 ιΑιιριιιιιιιι

155 3271 369 3340 Bidltopraphie
393 3269 442 3336 tito
460 3267 665 3346 Deretseblaud‘
696 3288 722 3341 p.
743 3271 794 3325 137
821 3270 967 3325 indicatum
990 3270 1086 3324 inveni.
1123 3269 1174 3324 Sed
1197 3271 1220 3324 ιι
1244 3287 1327 3341 usquo
1353 3271 1389 3325 ad

156 3359 229 3414 hune
247 3358 316 3412 diem
334 3359 389 3427 (12.
409 3359 435 3413 d.
454 3376 536 3413 mens.
551 3359 643 3426 Mart.)
661 3360 689 3413 ιιι
706 3376 801 3414 manus
818 3376 890 3414 meus
908 3359 1024 3414 nondum
1041 3359 1168 3430 pervenit.
1205 3359 1322 3415 Alterius
1342 3377 1389 3414 no-

158 3448 249 3502 titiam
267 3447 375 3501 Henriei
388 3447 467 3500 Keilii
485 3447 594 3501 comitas
613 3447 677 3501 mihi
695 3448 825 3519 praebuit.
852 3448 986 3502 Indieibus
1005 3448 1075 3502 enim
1088 3448 1149 3502 leet.
1168 3451 1234 3502 sest.
1248 3447 1387 3518 Marpurg.

156 3537 238 3592 huius
256 3536 319 3590 anni
337 3535 385 3590 Th.
400 3535 461 3589 Birt
478 3536 719 3590 commentariolum
737 3536 873 3607 praemisit
895 3537 939 3608 ‘de
949 3535 1047 3592 Catulli
1061 3536 1095 3589 ad
1108 3535 1228 3590 Mallium
1247 3533 1387 3606 epistnls',

157 3627 184 3681 in
205 3643 256 3696 quo
274 3625 344 3679 viam
362 3641 377 3678 a
395 3627 487 3691 nostra
509 3624 587 3695 plane
605 3625 734 3679 diversam
751 3625 886 3694 ingressus
905 3628 954 3679 est.
991 3625 1092 3693 legant
1115 3625 1166 3695 ipsi
1184 3623 1284 3679 Catulli
1305 3641 1389 3696 ‘arna-

156 3711 241 3770 tores’
263 3731 330 3785 quae
354 3714 392 3768 ibi
416 3731 447 3768 ex
470 3731 501 3768 ιο
523 3714 752 3784 interpretationis
775 3731 870 3783 genere
888 3715 1070 3785 proferuntur,
1096 3713 1166 3784 quod
1190 3730 1270 3784 supra
1287 3731 1313 3784 p.
1335 3715 1388 3770 100

158 3803 311 3873 significavi.
348 3803 440 3874 Neque
458 3820 518 3857 vero
533 3803 653 3873 equidem
670 3819 762 3858 ιιιιιιο
779 3804 848 3858 illud
865 3803 945 3857 Birtii
963 3803 981 3858 l.
1000 3820 1022 3858 o.
1041 3821 1067 3874 p.
1083 3804 1113 3858 9:
1136 3802 1204 3874 ‘Veri
1223 3803 1391 3858 d³³similitn·

157 3893 245 3947 dinern
263 3894 394 3964 praeferat
413 3892 498 3947 euicui
516 3887 653 3963 placebit'.

640 4119 905 4126 m

640 4131 905 4140 ——-——-—-—--
