2934 4742
36 416 131 479 aetate
160 415 376 480 Alexandrina
405 415 633 498 comprehensa
670 418 761 492 sunt,
796 433 894 497 quam
934 417 968 480 in
1006 435 1074 482 rem
1110 419 1254 483 conferas

34 521 289 602 Hephaestionis¹
312 520 389 607 περὶ
413 521 598 609 ποιήματος
621 540 647 586 c.
671 530 691 586 4
713 522 819 588 locum
842 531 953 605 p.115
974 522 1077 588 huno:
1101 525 1194 589 κοινὰ
1217 523 1254 590 δὲ

34 627 299 715 (δαπανήματα),
323 627 385 693 ὅσα
408 628 475 693 ὑπὸ
497 627 702 714 συστήματος
723 625 784 710 μὲν
806 633 1077 716 καταμετρεῖται,
1107 628 1187 696 αὐτὸ
1216 629 1254 698 δὲ

35 734 69 798 τὸ
88 734 236 822 σύστημα
260 732 312 818 (ἐκ
333 747 397 798 τῶν
420 732 526 800 αὐτῶν
540 732 667 821 μέτρων
682 736 859 800 sententiae
877 735 1005 817 quidem
1021 737 1253 816 convenienter,

34 841 83 904 sed
104 841 171 906 sine
195 842 263 906 ulla
284 841 476 906 necessitate
500 841 628 924 supplet
650 840 831 924 Westphal)
855 836 918 922 ipsc
944 841 1173 930 πληρούμενον,
1198 834 1253 909 οἷά

35 944 158 1011 ἐστιτὰ
182 942 218 1012 ἐν
240 947 284 1038 τῷ
308 944 444 1033 δευτέρῳ
469 946 525 1011 καὶ
547 943 647 1032 τρίτῳ
672 951 845 1034 Σαπφοῦς,
869 945 902 1012 ἐν
925 937 974 1025 οἷς
996 952 1251 1038 καταμετρεῖται

33 1051 85 1134 μὲν
111 1053 179 1119 ὑπὸ
209 1049 384 1135 ὁιστιχίας,
413 1050 494 1140 αὐτὴ
529 1050 565 1120 δὲ
595 1055 614 1140 ἡ
648 1049 791 1135 διστιχία
826 1051 925 1137 ὁμοία
961 1051 1032 1120 ἐστι’
1043 1105 1050 1135 ,
1085 1057 1137 1121 cui
1172 1057 1252 1122 adde

34 1169 252 1242 p.11e.1ao.

112 1267 154 1330 Et
178 1267 345 1333 Catullum
367 1267 507 1350 primum
530 1268 563 1330 in
587 1267 764 1331 Romanam
788 1267 897 1350 poesin
927 1269 1093 1351 stropham
1118 1268 1253 1352 Sapphi-

33 1391 95 1437 cam
117 1373 323 1438 transtulisse
347 1375 460 1438 notum
484 1376 549 1448 est3
574 1373 711 1438 eundem
733 1376 899 1456 praeterea
929 1377 1069 1439 metrum
1090 1376 1253 1458 Asclepia-

33 1480 120 1544 deum
142 1481 250 1545 maius
273 1480 354 1545 binis
379 1480 523 1544 uersibus
546 1480 580 1543 in
603 1482 746 1562 systema
768 1481 959 1558 coniunctis,
983 1463 1009 1566 ᾧ
1038 1481 1076 1546 τὸ
1106 1481 1253 1566 δεύτερον

35 1591 188 1674 Σαπφοῦς
211 1586 285 1652 ὅλον
307 1583 492 1672 γέγραπται
515 1586 649 1670 (Heph.²
675 1606 706 1669 p.
728 1587 802 1670 45),
835 1587 874 1651 ad
900 1586 1047 1671 Sapphus
1071 1589 1252 1672 exemplum

31 1694 61 1756 in
81 1695 222 1758 camnine
237 1694 328 1758 XXX
351 1694 532 1758 adhibuisse
556 1693 635 1758 satis
659 1693 804 1759 coust'tit
820 1693 858 1758 ef.
875 1693 909 1759 C.
924 1694 1121 1759 Lachmanni
1145 1695 1252 1778 script.

32 1801 99 1863 min.
120 1801 157 1864 H
180 1820 210 1883 p.
235 1808 277 1865 94
287 1819 346 1883 sq.‚
370 1819 465 1882 quem
490 1803 669 1881 sequuntur
690 1800 725 1864 L.
748 1801 864 1865 Miller
886 1799 920 1863 in
942 1800 1039 1883 prael.
1062 1821 1091 1883 p.
1114 1801 1253 1865 LXXIH

31 1906 105 1969 etB.
121 1907 270 1972 Schmidt
293 1908 326 1970 in
349 1909 467 1990 proleg.
490 1927 520 1989 p.
542 1907 687 1970 LXXIV.
730 1906 823 1972 Idem
845 1926 997 1972 versuum
1020 1906 1251 1989 dactylicarum

32 2016 166 2094 systema
201 2015 236 2078 in
272 2013 451 2096 fragmento
498 2021 539 2080 93
570 2014 617 2077 Bi
654 2013 833 2079 adhibitum
872 2013 970 2078 fuisse
1011 2031 1107 2096 supra
1141 2032 1172 2096 p.
1209 2021 1251 2080 83

32 2120 234 2185 ostendimus.

111 2227 211 2292 Porro
235 2227 262 2291 si
286 2229 356 2308 quis
372 2246 488 2309 negare
505 2227 582 2292 velit
599 2226 725 2309 Sappho
748 2227 782 2290 in
804 2227 865 2291 hoe
889 2225 1132 2308 quodilatullus
1154 2227 1253 2290 inter·

30 2337 169 2414 pietatus
194 2337 246 2398 est
267 2334 472 2418 epithalamio
495 2334 679 2398 hexametro
703 2351 796 2398 usam
818 2333 926 2410 fuisse,
949 2333 976 2398 is
1001 2333 1157 2414 quomodo
1180 2351 1252 2397 eam

31 2440 204 2521 opinionem
227 2441 412 2506 confirmare
435 2441 544 2522 possit,
567 2458 631 2503 non
653 2440 804 2504 inveniat.
849 2439 960 2504 Potius
987 2440 1136 2503 insanum
1168 2441 1253 2504 esset

35 2550 140 2627 putare
164 2548 248 2612 hanc
271 2547 503 2612 sententiarum
526 2549 653 2611 tantam
669 2547 918 2612 concinnitatem
942 2548 975 2611 et
990 2546 1252 2628 aequabilitatem

34 2670 123 2732 quam
147 2655 181 2718 in
206 2654 325 2720 Catulli
348 2654 490 2736 exemplo
509 2654 704 2718 admiramur
720 2654 860 2717 naturali
876 2653 1015 2734 quodam
1030 2653 1155 2717 vinculo
1179 2671 1253 2718 oum

32 2761 119 2824 metri
142 2761 336 2844 proprietate
359 2779 422 2824 non
447 2760 648 2824 coniunctam
672 2778 752 2824 esse.
798 2758 861 2839 Qui
891 2761 974 2824 levia
1004 2759 1055 2823 vel
1082 2760 1253 2840 nugatoria

32 2883 87 2928 non
110 2869 262 2944 sectatur,
287 2867 435 2950 Sapphus
458 2868 518 2931 hoc
534 2867 776 2951 epithalamium
793 2867 920 2931 eosdem
934 2884 1083 2930 numeros
1101 2866 1251 2930 habuisse

31 2972 107 3038 ultro
131 2977 247 3038 sumet.

115 3080 178 3146 Sed
211 3082 360 3162 quoniam
391 3099 461 3145 eam
491 3081 595 3164 ipsam
629 3081 667 3145 ob
700 3097 830 3144 eausam
860 3080 920 3144 hoc
947 3079 1189 3162 epithalamium
1218 3079 1252 3144 in

31 3187 112 3252 nullo
136 3207 248 3252 eorum
270 3188 423 3252 librorum
446 3187 545 3251 fuisse
567 3188 689 3270 potest,
721 3205 857 3267 quorum
888 3185 1016 3267 quidem
1047 3186 1171 3250 numeri
1201 3186 1253 3250 hic

31 3295 61 3355 et
81 3294 146 3358 illio
176 3296 466 3359 commemorantur
496 3294 515 3357 i.
546 3312 572 3358 e.
601 3293 634 3356 in
662 3293 751 3358 libris
774 3293 799 3356 Ι.
828 3293 870 3357 Π.
899 3292 959 3356 ΙΠ.
989 3293 1027 3355 V.
1057 3292 1146 3369 VH.‚
1177 3293 1253 3374 quia

31 3398 139 3464 horum
164 3402 306 3466 carmina
330 3402 399 3465 aliis
423 3401 533 3465 metris
558 3400 733 3482 composita
757 3400 951 3478 arentiam
983 3417 1078 3480 quem
1107 3400 1253 3464 nominat

32 3503 156 3573 Servius
179 3509 200 3571 l.
224 3528 249 3572 o.
272 3507 550 3592 epithalamiorum
580 3508 724 3572 libellum
755 3507 859 3572 varios
886 3525 1037 3570 numeros
1065 3506 1253 3570 habentium

10 3613 125 3677 ahum
157 3617 317 3696 quendam
347 3635 363 3680 e
393 3633 508 3679 novem
537 3615 601 3678 illis
635 3615 740 3690 libris,
776 3614 891 3695 quibus
924 3612 1071 3696 Sapphus
1110 3613 1252 3676 carmina

34 3721 310 3787 Alexandrinorum
346 3724 450 3787 aetate
486 3722 713 3804 comprehensa
748 3724 825 3785 sunt
860 3721 911 3804 (ol.
941 3719 1065 3801 Bergh⁸
1099 3739 1129 3801 p.
1164 3718 1252 3800 874),

32 3824 124 3892 fuisse
148 3833 280 3913 apparet
301 3848 406 3911 neque
430 3830 496 3893 ulla
518 3848 605 3893 nunc
628 3829 733 3893 estin
756 3829 816 3892 hae
835 3847 869 3892 re
887 3827 1066 3902 difficultas,
1090 3825 1130 3889 ad
1155 3843 1252 3908 quam
1322 3875 1325 3879 .

35 3933 209 4000 solvendam
234 3956 308 4001 cum
319 3937 455 4018 Berghio
470 3937 491 3999 l.
508 3955 533 4000 c.
550 3935 629 3999 duas
646 3936 714 3999 eius
735 3935 913 3999 carminum
928 3933 1126 3999 recensiones
1149 3931 1251 3996 lactas

36 4055 97 4104 esse
120 4044 222 4107 statui
245 4044 367 4108 debeat.

117 4149 287 4233 Stropham
311 4151 411 4232 igitur
443 4152 476 4215 et
504 4149 737 4231 antistropham
765 4149 902 4231 primam
930 4147 1031 4210 altera
1059 4145 1190 4228 stropha
1220 4146 1252 4208 et

36 4256 226 4340 antistropha
248 4259 313 4324 iam
337 4258 497 4338 aequitum
521 4258 657 4338 utraque
681 4257 759 4320 item
782 4256 830 4320 bis
853 4255 943 4319 binos
967 4271 1078 4316 versus
1103 4251 1251 4328 continet,
