2934 4742
683 158 842 248 „Q-

239 450 295 514 VI.
328 451 368 514 In
384 470 409 516 e.
425 450 533 520 LXIII
550 458 645 533 74sq.
668 452 754 516 Attis
771 452 826 516 ubi
841 451 946 518 furore
963 453 1069 518 animo
1085 452 1214 537 dempto
1237 453 1389 518 faoinora

150 575 211 621 sua
233 559 340 622 mente
363 558 505 634 resoluit,
528 577 640 623 rursus
664 577 680 622 e
703 577 832 623 nemore
863 560 904 623 ad
934 561 1033 624 maris
1055 560 1133 624 litus
1156 559 1240 642 fugit
1269 560 1388 642 ibique

150 665 283 745 questus
299 663 448 747 profudit.
472 663 658 746 Sequuntur
672 665 707 728 hi
721 683 833 731 versus
844 666 890 730 sio
900 665 966 730 iere
978 667 1012 730 in
1024 665 1054 728 V
1068 667 1229 748 quondam
1246 666 1363 750 scripti
1377 687 1388 729 :

328 767 443 834 Roseis
464 774 502 833 ut
523 769 597 835 biae
620 769 745 834 labellis
767 772 891 836 suadae
913 771 999 836 adiit

329 874 485 941 Gemiaas
508 876 638 941 deorum
660 877 706 942 ad
727 876 821 941 aare's
843 896 926 970 aooa
947 878 1065 942 moda
1087 877 1236 960 reserens.

148 986 195 1048 Ae
218 982 357 1065 primum
381 983 511 1064 quidem
534 983 590 1064 qui
612 983 799 1048 Baehrensii
823 985 1133 1066 argumentationem
1156 985 1199 1068 (p.
1224 985 1301 1067 354)
1333 985 1387 1049 le-

149 1090 240 1172 gerit,
271 1089 299 1154 ei
327 1089 460 1154 dubium
491 1107 560 1154 esse
589 1108 653 1154 non
682 1091 800 1173 potest,
825 1092 902 1172 quIn
925 1091 1094 1156 Froehlioh
1120 1091 1206 1156 reete
1235 1094 1386 1155 metrum

150 1197 323 1280 expleverit
353 1195 517 1260 scribendo
548 1215 660 1291 tsonus
692 1184 831 1271 editus';
860 1215 953 1280 porro
987 1184 1090 1293 tbine'
1122 1233 1166 1244 -
1197 1198 1280 1279 quod
1311 1199 1386 1280 ple-

147 1322 285 1385 rumque
308 1304 474 1367 mutatum
498 1305 548 1366 est
570 1334 613 1350 ·—
637 1303 813 1385 explicatur
836 1303 981 1368 versibus
1006 1313 1047 1369 47
1073 1306 1106 1370 et
1129 1312 1181 1381 48,
1212 1304 1268 1368 ubi
1289 1305 1384 1368 Attis

148 1409 190 1474 ad
200 1428 289 1474 mare
305 1409 402 1492 pedes
417 1409 580 1474 rettulisse
601 1409 732 1482 diuitum
755 1409 829 1474 indo
843 1405 943 1496 igitur
959 1413 1092 1492 questus
1109 1411 1177 1475 eius
1195 1397 1380 1507 ‘adierunt’

149 1515 189 1580 ad
215 1503 388 1612 ‘geminas’
414 1534 479 1579 non
509 1511 680 1603 ‘deorumss
703 1516 759 1580 sed
783 1516 859 1580 deae
883 1517 952 1581 eius
976 1534 1087 1593 auree,
1110 1517 1150 1582 ad
1180 1535 1278 1598 quum
1305 1535 1384 1600 per-

148 1622 293 1686 tinebant
318 1621 356 1687 ef.
378 1621 413 1685 L.
435 1622 552 1687 Miller
574 1621 672 1705 praef.
694 1642 724 1705 p.
747 1622 838 1686 XXV
848 1641 894 1703 sq.
928 1621 1013 1686 Nam
1036 1623 1130 1687 Riese
1154 1625 1240 1687 reote
1270 1620 1375 1710 ‘deae'

148 1729 299 1812 reposuIt
322 1728 379 1793 sed
401 1728 510 1792 hiatus
533 1729 699 1810 sequentis
722 1730 872 1793 loannem
895 1729 1019 1811 explere
1041 1747 1105 1793 non
1132 1729 1245 1811 potuit.
1292 1727 1383 1808 Quo-

149 1837 238 1900 niam
260 1837 358 1918 igitur
381 1835 443 1900 diui
466 1835 568 1912 debet,
592 1853 706 1899 sonum
729 1834 852 1899 editum
873 1835 947 1899 inde
970 1834 1101 1899 tandem
1124 1835 1306 1918 pervenisse
1337 1835 1382 1900 ad

149 1943 227 2008 deae
252 1943 385 2026 Cybeles
410 1961 512 2020 aures,
536 1961 618 2024 quae
648 1945 719 2007 tum
750 1943 820 2025 ipsa
850 1941 889 2006 ad
918 1959 1006 2006 mare
1034 1959 1166 2024 propere
1196 1944 1289 2006 vesta
1319 1944 1381 2020 est,

150 2050 241 2114 deest
262 2050 454 2115 vocabulum
482 2045 572 2137 ‘iam‘
599 2051 672 2132 post
697 2045 823 2136 tdeae':

325 2155 440 2220 Rosea's
461 2159 498 2220 at
520 2155 595 2218 biae
617 2153 743 2220 labellis
764 2154 989 2219 sonus'edt'tas
1012 2154 1097 2218 aazia

332 2261 489 2326 Geminus
512 2261 589 2326 deae
611 2261 693 2325 iam
717 2261 763 2326 od
784 2281 881 2325 aures
901 2280 985 2325 aeva
1007 2260 1127 2324 anaba
1150 2259 1301 2341 reserens.

237 2580 310 2645 VII
345 2581 503 2647 Carminis
526 2581 633 2645 LXVI
660 2581 838 2664 complures
866 2581 966 2656 looos,
996 2579 1031 2643 in
1062 2580 1177 2661 quibus
1207 2579 1247 2644 de
1279 2581 1381 2644 iuter·

147 2688 324 2785 pretatione
348 2686 406 2752 aut
429 2687 467 2751 de
491 2687 625 2752 lectione
649 2687 863 2751 dubitationes
892 2689 1018 2751 exortae
1049 2688 1139 2763 sunt,
1170 2688 1228 2750 aut
1257 2687 1380 2752 reotius

147 2795 377 2878 interpretatus
401 2811 470 2858 esse
494 2796 551 2858 aut
573 2794 759 2868 emendasse
783 2793 863 2857 mihi
885 2793 1001 2858 videor.

283 3018 298 3072 1
329 3005 448 3073 Omnia
470 3006 528 3088 pai
550 3005 661 3089 mapai
683 3005 823 3087 dispescit
845 3004 971 3070 lamiae
992 3003 1116 3082 muudi,

371 3113 436 3195 Qui
458 3112 624 3178 esionam
647 3117 735 3178 omas
757 3112 910 3193 comperit
931 3116 1027 3192 utque
1048 3111 1159 3188 obitus,

324 3219 514 3285 Flammeue
536 3225 574 3284 at
595 3219 708 3301 rapidi
730 3218 807 3284 solos
829 3219 917 3282 attor
938 3217 1129 3295 obseraretur,

377 3326 419 3393 Ut
441 3329 555 3392 cedunt
577 3328 671 3394 emis
691 3326 803 3392 sidera
826 3325 1027 3406 temporibus,

282 3441 301 3500 b
332 3433 374 3500 Ut
398 3433 546 3500 Triuiam
566 3435 681 3518 suatim
702 3433 761 3500 sub
784 3432 1025 3498 Latmiorum
1047 3429 1192 3512 relepaas

371 3538 488 3606 Dulcis
511 3561 603 3607 amor
622 3562 699 3624 pyro
722 3541 844 3606 avocet
867 3539 964 3616 aerio,

147 3651 180 3714 et
203 3668 233 3731 q.
257 3667 281 3713 s.
325 3649 365 3714 In
388 3668 484 3714 versu
507 3657 527 3714 4
556 3651 603 3736 ιιιι
617 3647 730 3713 cedant
746 3649 841 3712 sertis
856 3645 967 3710 sideru
982 3641 1190 3728 temporibus’
1219 3645 1252 3709 id
1277 3643 1376 3709 offen·

148 3757 230 3822 sioni
251 3755 322 3834 fuit,
346 3755 430 3838 quod
454 3755 605 3837 quoniam
626 3755 710 3820 inv.
741 3763 760 3818 2
793 3754 961 3817 stellarum
990 3753 1079 3816 ortus
1111 3753 1144 3818 et
1174 3752 1280 3816 obitus
1309 3752 1377 3817 iam

147 3865 414 3929 eommemoratus
438 3863 496 3938 est
519 3862 553 3924 iu
575 3881 604 3926 v.
628 3869 647 3927 3
671 3861 746 3924 solis
769 3858 926 3936 defectus,
948 3859 1001 3922 hie
1024 3857 1117 3942 plane
1147 3857 1233 3924 idem
1263 3858 1302 3924 de
1333 3859 1378 3922 si·

147 3969 260 4035 derum
292 3987 407 4035 oooasu
436 3968 538 4052 repeti
566 3966 735 4031 videretur.
784 3965 906 4030 Idoiroo
934 3966 969 4029 iu
998 3984 1026 4030 r.
1054 3973 1074 4028 4
1105 3963 1143 4029 de
1174 3965 1276 4030 stellis
1314 3965 1377 4030 diei

146 4095 211 4141 non
232 4078 346 4159 potest.
394 4075 457 4140 Sed
481 4076 556 4156 quia
578 4075 613 4138 in
636 4092 664 4137 v.
689 4081 766 4154 usq.
789 4073 884 4137 lunae
915 4070 1058 4136 detentus
1087 4074 1119 4136 et
1148 4071 1290 4136 latebrae
1319 4091 1379 4136 no-

147 4184 270 4258 tantur,
292 4181 337 4246 ibi
360 4183 489 4246 tuntum
513 4182 588 4263 apte
611 4182 661 4244 est
683 4179 802 4243 mentio
826 4180 884 4242 aut
907 4178 982 4242 solis
1006 4178 1101 4242 unius
1130 4179 1189 4243 aut
1217 4178 1294 4242 solis
1325 4179 1377 4242 lu-
