2928 4724
747 193 906 284 *28-

216 379 360 460 possunt.
416 377 501 442 Nam
533 378 609 460 quia
645 381 805 445 certamen
839 381 996 463 parabant
1029 379 1177 456 iuvenes,
1215 377 1282 441 iarn
1314 376 1426 440 dudum

217 485 338 549 animos
363 485 546 548 commissos
570 485 635 550 sive
655 486 801 552 collectos
824 487 940 552 habere
964 486 1130 563 debebant,
1155 485 1211 550 sed
1233 502 1306 548 cum
1327 483 1361 547 id
1381 501 1427 546 ne·

215 591 402 672 glexissent,
436 593 514 656 tunc
544 591 659 656 saltem
686 592 718 656 id
741 593 780 657 iis
804 592 984 658 faciendum
1008 594 1085 658 erat.
1130 591 1168 656 Id
1192 591 1321 672 quidem
1342 592 1427 666 recte,

216 696 271 760 sed
294 715 408 780 parum
431 698 580 763 concinne
604 700 642 762 ut
664 698 745 763 solet
766 699 806 764 Κ.
825 700 966 764 Pleitner
988 700 1009 762 1.
1032 717 1057 764 o.
1079 718 1109 782 p.
1135 705 1175 762 67
1201 697 1360 780 exposuit,
1383 696 1427 776 qui

216 802 244 866 si
274 804 407 868 coniecit
435 804 468 868 in
491 823 520 868 v.
546 811 585 870 15
612 793 815 899 ‘dimisimus‘
841 805 1071 870 inconsiderate
1092 805 1126 870 id
1148 804 1239 882 iecit,
1268 804 1343 885 quia
1364 802 1429 867 huio

214 908 367 974 locutioni
394 929 458 974 non
488 910 678 974 committere
701 911 826 976 enimes
849 913 1043 978 contrarium
1066 913 1165 988 esset,
1189 910 1245 975 sed
1272 903 1428 1005 ‘recipere'

216 1017 267 1081 vel
291 1017 392 1082 sindle
415 1018 613 1094 vocabulum,
638 1018 722 1099 qnod
737 1019 789 1083 hic
803 1019 946 1102 intellegi
968 1037 1032 1083 non
1054 1020 1170 1101 posset.

305 1229 389 1294 Hinc
418 1229 548 1294 tandem
580 1230 764 1295 devenimus
796 1231 837 1296 ad
866 1229 1035 1295 initium
1064 1230 1255 1294 carminis
1286 1230 1376 1295 cuius
1398 1229 1431 1292 de

218 1336 326 1402 ordine
356 1336 432 1418 quid
461 1336 668 1402 statuendum
696 1338 755 1413 sit,
790 1337 853 1401 nisi
882 1336 1065 1420 posterioris
1099 1337 1200 1419 partis
1234 1336 1430 1401 restitutione

216 1445 302 1508 recte
326 1445 360 1508 et
389 1442 523 1508 feliciter
552 1442 665 1508 effecte
687 1443 766 1509 satis
788 1444 968 1508 luculenter
991 1445 1024 1508 et
1047 1443 1086 1507 ad
1108 1442 1367 1526 persuadendum
1390 1461 1433 1506 ac·

218 1549 413 1614 commodate
438 1549 599 1632 explanari
621 1567 684 1613 non
708 1551 833 1632 poterit.

306 1655 427 1719 Versus
451 1658 560 1720 autem
586 1663 693 1720 1-10
717 1657 762 1720 sic
784 1656 948 1740 proposuit
970 1656 1005 1719 L.
1030 1654 1196 1720 Schwabe:

401 1759 519 1841 Vesper
541 1761 649 1826 aden:
671 1763 809 1841 invenes
832 1762 1027 1844 consnrpite:
1049 1781 1159 1842 vesper
1185 1759 1317 1844 Otprnpo

393 1865 573 1947 Expectata
596 1867 732 1932 dicein
754 1868 882 1932 tandem
906 1867 1031 1933 hemina
1054 1867 1143 1933 toltit.

392 1972 529 2056 Surpere
550 1975 618 2038 inm
641 1977 771 2055 ternpus,
794 1975 862 2038 iarn
879 1975 1017 2057 pinpnis
1040 1973 1183 2056 lnrqnne
1205 1991 1352 2039 memes:

391 2079 466 2145 Iam
488 2081 591 2145 veniet
612 2080 710 2162 nirpo,
733 2080 801 2144 iarn
824 2080 946 2145 dicetur
968 2080 1169 2163 hymenaeus.

350 2194 368 2252 5
392 2186 521 2269 Hymen
543 2207 560 2251 o
583 2186 775 2269 Hymenaee,
798 2186 927 2269 Hprnen
950 2187 1066 2252 adeso
1089 2186 1281 2270 Hymenaee.

394 2396 542 2477 Cercitis,
566 2399 730 2480 innuptae,
754 2399 907 2465 invenes?
924 2400 1105 2482 -consrrrpite
1128 2404 1255 2466 contre:

392 2503 559 2569 Nimirum
582 2509 702 2570 oeteeos
724 2507 861 2571 ostendit
881 2507 1016 2588 noctifer
1037 2507 1133 2588 ipnes.

392 2608 448 2676 Sic
470 2615 595 2676 omen:
618 2612 712 2676 viden
733 2617 771 2677 nt
786 2614 965 2694 perniciter
987 2612 1152 2678 enituere?

392 2717 469 2783 Non
491 2723 602 2782 temere
625 2717 782 2785 ninere
804 2724 918 2786 cenent
940 2719 1025 2802 qnod
1045 2721 1170 2784 vincere
1188 2739 1254 2800 par
1277 2723 1330 2784 est.

327 2833 368 2892 10
392 2825 521 2908 Hymen
543 2845 560 2891 o
583 2825 773 2908 Hymenaee,
797 2816 926 2908 Hymen
949 2825 1025 2891 odes
1047 2825 1275 2908 oHpmenoee.

206 3015 208 3018 Ι
302 2935 349 2998 Ac
370 2935 511 3017 primum
540 2933 682 3015 quidem,
710 2952 751 2998 ne
774 2933 856 2998 duae
875 2934 1024 3016 strophae
1048 2935 1195 2999 continuo
1218 2934 1303 2998 inter
1328 2951 1362 2998 se
1388 2952 1438 2998 ex·

215 3039 366 3122 cipientes
394 3041 509 3123 puellis
538 3041 734 3117 tribuantur,
768 3041 848 3105 illud
882 3060 938 3124 per
972 3058 1006 3104 se
1036 3039 1242 3105 manifestum
1271 3058 1359 3105 nunc
1392 3040 1437 3116 fit,

214 3146 300 3210 stare
322 3165 385 3210 non
407 3165 500 3229 posse
523 3148 665 3211 nostram
680 3147 874 3225 divisionem,
896 3147 959 3211 nisi
974 3165 1125 3211 versuum
1141 3155 1227 3212 6-9
1244 3147 1306 3211 duo
1330 3150 1439 3230 poste·

214 3251 311 3316 riores
335 3261 354 3317 8
379 3253 412 3316 et
435 3262 454 3318 9
478 3253 638 3330 iuvenum,
660 3254 780 3336 priores
804 3253 866 3317 duo
891 3262 909 3319 6
934 3254 967 3317 et
992 3262 1010 3318 7
1035 3254 1216 3335 puellarum
1239 3253 1329 3329 sunt,
1353 3271 1437 3334 quae

215 3358 326 3423 eadem
356 3357 537 3423 distributio
569 3360 648 3424 item
678 3358 785 3424 ordine
813 3379 876 3424 non
909 3359 978 3424 sine
1006 3360 1093 3424 insta
1121 3377 1217 3424 cansa
1246 3359 1374 3423 inverso
1404 3360 1437 3422 in

214 3464 358 3530 versibus
384 3474 468 3530 1-4
491 3465 559 3529 fieri
582 3465 684 3529 debet

302 3571 422 3636 Eadem
445 3571 529 3636 enirn
552 3589 695 3654 persona,
718 3589 799 3653 quae
822 3591 917 3636 versu
942 3581 960 3638 6
983 3572 1060 3636 hoc:

397 3675 544 3757 Cercitis,
567 3678 730 3757 innuptae,
754 3677 907 3743 invenes?
930 3679 1107 3760 consnrpite
1129 3681 1239 3742 cestre

215 3803 306 3849 suam
318 3785 447 3850 turbam
458 3786 614 3861 hortatur,
628 3803 693 3849 non
707 3787 814 3867 potest
827 3805 899 3850 mox
911 3804 1043 3868 pergere
1057 3786 1089 3849 in
1108 3793 1233 3851 versuti
1246 3784 1296 3848 bis
1312 3785 1437 3850 verbis:

440 3888 496 3956 Sic
518 3895 643 3969 centeri·
664 3891 759 3955 viden
780 3896 817 3954 nt
835 3892 1011 3973 perniciter
1033 3890 1199 3956 enituere?

213 3998 399 4063 Baehrensii
420 3999 549 4063 borum·
557 4015 708 4062 versuum
736 3999 958 4082 interpretatio
989 3998 1207 4063 infelicissima
1230 4000 1360 4064 estnec
1382 4000 1437 4063 fir-

213 4105 321 4168 metur
336 4106 489 4169 sermonis
504 4124 567 4169 usu
583 4107 640 4168 aut
653 4105 821 4170 verborum
835 4123 926 4170 nexu.
964 4104 1120 4184 Graviter,
1142 4106 1256 4188 inquit,
1278 4108 1437 4189 repetitur

212 4211 308 4276 niden
330 4216 366 4276 nt
386 4213 559 4293 perniciter
581 4211 743 4277 ecibeere?
764 4231 841 4277 nam
863 4213 930 4296 ipse
952 4214 1099 4296 proponit
1120 4215 1204 4277 hanc
1225 4213 1411 4278 lectionem:
