2928 4724
718 191 876 284 j?-

182 381 250 464 yite
271 400 334 445 non
357 381 398 445 ad
421 399 533 445 cenam
556 382 629 444 ente
652 381 779 463 tempus
802 380 948 444 relictam
969 381 1138 462 pertinere,
1162 382 1237 463 qnia
1259 372 1400 447 iuvenum

188 506 315 570 quoque
338 487 435 569 dapes
458 487 605 568 peractae
628 485 810 568 finguntur,
846 486 902 550 sed
923 487 1028 550 notari
1057 488 1194 552 maxime
1219 507 1291 552 eam
1312 489 1399 554 actio·
1450 479 1451 488 ’

186 613 271 671 nem,
295 612 376 675 quae
391 593 571 658 voluntaria
587 595 619 658 et
635 592 787 674 singulari
811 591 1024 658 admonitione
1040 594 1135 658 unius
1160 594 1295 659 alicuius
1312 595 1401 660 semel

187 703 338 784 suscepta
348 700 394 777 fit
405 700 460 764 nbi
470 717 639 782 vesperum
650 698 855 786 effulgentem
866 699 960 774 ridit;
976 719 1104 781 surpere
1113 701 1223 766 autem
1234 702 1401 784 simplicem

185 808 347 873 actionem
363 807 502 882 denotat,
519 823 600 887 quae
614 823 630 869 e
643 805 803 868 communi
817 804 855 868 fit
870 805 1098 870 consuetudine
1112 809 1145 870 et
1159 825 1224 870 una
1240 808 1350 890 aliqua
1360 810 1402 872 est

185 914 324 979 esolitis
341 913 533 986 actionibus;
556 930 619 975 non
642 911 741 992 igitur
756 929 794 974 ea
809 912 890 974 actio
905 911 1024 994 pendet
1046 913 1233 978 aiurenum
1256 915 1383 979 actione.
1457 957 1458 960 κ

276 1021 346 1086 Iam
369 1039 442 1084 vero
466 1018 611 1100 sequenti
635 1017 765 1100 stropha
789 1018 870 1082 actio
892 1021 1096 1101 promovetur
1117 1020 1173 1098 ita,
1195 1021 1234 1084 ut
1257 1021 1341 1086 altor
1363 1022 1402 1085 al·
1457 1089 1458 1094 ,

185 1130 294 1194 terum
321 1127 454 1192 ohomm
482 1125 637 1207 respicere
667 1124 733 1187 iam
761 1125 901 1207 incipiat.
945 1126 1051 1207 Atque
1080 1126 1148 1190 eius
1178 1128 1225 1192 rei
1256 1128 1349 1210 signa
1375 1130 1403 1192 et

185 1235 307 1300 indicia
321 1234 355 1298 in
369 1233 446 1316 ipsis
462 1231 662 1296 cantantium
674 1231 778 1296 verbis
794 1232 899 1313 posita
910 1233 1080 1314 conspicua
1096 1235 1172 1296 sunt
1188 1235 1220 1298 et
1231 1235 1404 1298 manifesta.
1450 1252 1455 1354 p

276 1341 407 1404 Puellae
431 1339 515 1403 enim
537 1339 601 1401 iam
621 1338 773 1402 iuvenum
796 1339 918 1402 actione
942 1339 1163 1404 animadversa
1194 1342 1226 1404 et
1256 1343 1404 1406 concentu
1454 1355 1458 1414 ¹2

188 1447 306 1524 audito,
329 1449 367 1510 ut
389 1464 447 1529 par
470 1447 528 1521 est,
552 1445 709 1508 actionem
724 1445 884 1527 excipiunt
907 1448 940 1509 et
963 1429 1160 1510 continuant.
1190 1446 1279 1510 Nihil
1303 1449 1404 1511 autem
1451 1495 1455 1509 r

187 1553 230 1618 ad
253 1554 337 1617 hane
359 1571 427 1617 rem
451 1551 556 1634 aptius
581 1552 631 1614 est
654 1569 751 1632 quam
773 1551 854 1614 illud
876 1553 908 1616 in
931 1572 960 1615 r.
984 1561 1003 1618 6
1028 1551 1167 1616 dictum:

543 1654 691 1736 Cercitis,
714 1657 880 1736 eucapiae,
903 1655 1058 1722 demones?

188 1786 232 1832 se.
256 1766 331 1848 quid
354 1767 468 1847 agent,
497 1766 530 1828 et
561 1764 636 1845 quia
664 1764 712 1828 illi
734 1766 1014 1841 consurrexerunt,
1042 1764 1104 1828 hae
1127 1764 1254 1829 dieunt:
1278 1764 1403 1848 proinde
1452 1753 1458 1841 l

186 1873 366 1954 eccsurpite
388 1875 506 1936 coutru
540 1871 629 1936 Haec
652 1871 737 1934 enim
760 1872 917 1954 scriptura
940 1871 1055 1936 codicis
1078 1871 1108 1934 V
1131 1889 1204 1936 vere
1228 1869 1406 1936 Catulliana
1452 1867 1458 1954 l

187 1983 247 2046 est.
298 1980 404 2046 Habet
446 1981 556 2043 autem
585 1978 682 2043 codex
719 1978 760 2054 Τ,
794 1979 833 2042 ut
873 1980 1034 2042 monstrat
1064 1979 1175 2066 tabula
1208 1977 1286 2042 XIV
1321 1980 1405 2042 Aen.
1452 1999 1455 2130 p

189 2086 369 2152 Chatelenii
394 2086 429 2150 in
456 2085 700 2168 palaeographia
736 2085 857 2148 classic.
887 2085 976 2149 latin.
1007 2084 1155 2165 coacquc'
1184 2088 1315 2162 eredere,
1347 2104 1406 2148 non
1454 2131 1455 2160 Τ

190 2194 275 2276 quod
306 2193 408 2274 magis
450 2191 651 2256 commodum
687 2191 882 2256 Baehrensio
922 2193 991 2256 erat
1025 2191 1076 2274 (cd.
1114 2210 1226 2256 comm.
1264 2211 1295 2273 p.
1334 2191 1406 2273 323)
1453 2186 1458 2269 ᾗ

187 2317 323 2379 couswq
345 2299 359 2362 e’
381 2302 509 2362 cratero.
554 2298 629 2362 Iure
653 2298 780 2379 quidem
803 2299 830 2362 is
854 2316 1040 2378 cocsquere
1062 2302 1173 2361 contra
1195 2299 1302 2376 reicit,
1327 2297 1407 2380 quod
1457 2373 1458 2376 Ἴ

189 2405 310 2472 codices
326 2405 510 2487 interpolati
524 2405 685 2487 praebent,
708 2404 764 2468 sed
781 2405 857 2486 quid
872 2423 980 2470 rerum
1003 2423 1123 2469 conexu
1138 2405 1319 2487 postuletur
1341 2405 1405 2488 ipse

189 2513 326 2576 insciens
357 2511 475 2592 arguit,
510 2529 584 2574 cum
612 2511 663 2574 his
685 2511 789 2575 verbis
813 2511 955 2592 aliquam
982 2511 1087 2594 prodit
1116 2511 1348 2576 dubitationem
1371 2511 1406 2574 de

189 2619 324 2684 veritate
356 2618 423 2682 eius
462 2617 653 2700 scripturae:
694 2636 773 2713 tnon
808 2617 1027 2682 adulescentes
1065 2621 1261 2700 consurgunt
1291 2621 1407 2694 contra,
1457 2656 1458 2690 3

190 2725 247 2790 sed
268 2725 332 2789 iam
355 2724 478 2807 puellae
503 2722 711 2807 (quemquam
733 2723 792 2788 hoe
816 2724 866 2788 rix
887 2724 1047 2788 mentione
1070 2711 1230 2807 indiget)'.
1274 2724 1314 2788 Id
1336 2743 1407 2788 vero
1457 2763 1458 2800 3

190 2851 266 2897 sane
290 2830 602 2896 commemorandum
633 2832 701 2895 erat
729 2849 832 2912 neque
855 2849 893 2894 ex
916 2830 1041 2894 silentio
1069 2832 1197 2894 tantum
1228 2831 1334 2912 colligi
1356 2831 1407 2894 de·
1457 2871 1458 2908 2

189 2939 294 3004 bebat.
339 2939 429 3015 Tum,
453 2938 602 3019 quoniam
626 2940 721 3002 antea
743 2937 902 3002 monitum
924 2939 993 3002 erat
1013 2956 1181 3017 sarpere
1203 2936 1272 3000 tum
1286 2941 1407 3018 tempus
1453 2938 1458 3012 l

188 3064 268 3122 esse,
292 3046 509 3110 commonetur
531 3063 617 3109 nunc
639 3046 677 3107 ut
699 3045 919 3124 corrompant.
965 3043 1018 3108 Ita
1041 3043 1170 3107 demum
1199 3044 1306 3108 omnia
1337 3046 1406 3126 apte
1455 3079 1458 3138 3

187 3153 273 3216 ,inter
296 3171 329 3216 se
353 3153 539 3232 congruunt.
573 3150 742 3215 Nimirum
765 3188 807 3198 -
832 3169 893 3232 quo
916 3151 1068 3214 vocabulo
1084 3151 1118 3214 in
1132 3149 1222 3214 initio
1247 3150 1406 3231 sequentis
1457 3167 1458 3176 ³

189 3276 301 3322 versus
337 3267 354 3322 7
390 3258 539 3322 collocato
581 3275 689 3322 veram
729 3275 859 3321 eausam
902 3257 1034 3320 actionis
1071 3256 1292 3321 demonstrant
1325 3275 1408 3320 nunc

189 3363 314 3446 puellae
339 3381 463 3444 quoque
486 3397 530 3408 -
554 3382 626 3426 oum
649 3364 778 3427 iuvenes
802 3362 1035 3427 consurrexisse
1058 3362 1203 3440 viderint,
1222 3364 1405 3446 spectantes

189 3469 316 3534 caelum
338 3469 425 3551 ipsae
448 3488 534 3533 nunc
557 3468 684 3532 demum
714 3469 838 3551 puellae
865 3468 1055 3533 noctiferum
1078 3469 1258 3551 Hesperum
1288 3469 1409 3552 conspi-

189 3576 288 3640 ciunt.
331 3575 370 3639 Id
393 3576 458 3639 iam
479 3575 621 3639 Pleitner
643 3576 663 3638 l.
688 3595 713 3639 c.
736 3595 768 3658 p„
791 3582 885 3656 64sq.
909 3575 1174 3640 commemoravit.

279 3682 350 3746 Iam
382 3660 418 3764 si
438 3700 549 3746 versus
574 3690 592 3746 6
617 3684 649 3745 et
674 3692 691 3746 7
716 3681 858 3746 indicant
887 3681 920 3746 id
944 3681 1037 3758 effici,
1068 3681 1153 3763 quod
1177 3680 1258 3746 effici
1281 3684 1409 3765 propter

188 3807 302 3853 versus
327 3797 343 3852 1
369 3789 443 3852 eta
474 3807 531 3852 nos
555 3790 791 3872 exspectamus,
819 3787 905 3852 idem
926 3788 996 3852 fieri
1017 3787 1137 3852 videbis
1165 3787 1198 3851 in
1220 3789 1365 3852 versibus
1390 3797 1407 3853 8

192 3899 224 3960 et
248 3904 284 3973 9,
308 3895 335 3959 si
357 3896 526 3960 contuleris
556 3914 607 3959 res
636 3895 791 3960 indicatas
822 3914 895 3959 cum
917 3895 1061 3960 versibus
1093 3903 1111 3959 3
1136 3896 1168 3958 et
1190 3902 1220 3958 4.
1265 3891 1321 3958 Sic
1344 3913 1408 3958 ceo·-

188 4005 248 4066 tcst
274 4002 371 4083 igitur
394 4001 594 4066 referendum
619 4004 669 4066 est
684 4001 724 4065 ad
745 4001 795 4077 id,
819 4002 904 4083 quod
933 4020 998 4066 una
1026 4019 1064 4065 ex
1092 4000 1207 4082 puellis
1229 4019 1286 4083 pro
1310 4001 1409 4064 omni-

191 4109 250 4172 bus
265 4108 405 4185 dixerat
428 4109 493 4172 iam
516 4111 685 4174 venturam
709 4127 777 4172 esse
800 4109 964 4190 virginem,
996 4108 1061 4171 iam
1084 4107 1206 4174 dictum
1227 4107 1267 4170 iri
1290 4107 1409 4190 Hyme-

190 4232 316 4279 naeum.
362 4214 476 4280 Verbis
501 4217 609 4280 autem
632 4215 780 4280 continuo
804 4215 1044 4297 insequentibus
