2928 4724
715 178 872 271 L

179 364 308 447 passivo
331 381 444 445 genere
467 364 675 447 praeteritum
698 365 825 447 tempus
849 364 1052 446 significatur,
1077 366 1226 448 quoniam
1248 367 1282 430 in
1304 385 1413 431 unam

176 470 342 535 notionem
366 471 503 548 ooaluit,
537 470 662 535 inverso
691 471 833 554 partium
863 471 970 536 ordine
995 472 1097 538 denuo
1121 473 1214 555 quasi
1240 473 1274 536 in
1295 475 1412 556 partes

178 594 258 640 suas
282 575 473 655 dissolvitur,
496 578 533 641 ut
556 595 594 642 ea
616 579 760 642 membre
791 595 883 642 suam
907 578 1068 659 quandam
1091 579 1156 642 vim
1184 597 1296 644 rursus
1326 580 1414 644 reei-

181 683 280 766 piant.
325 683 377 746 Fit
405 683 503 764 igitur
532 683 658 761 deinde,
693 687 732 749 ut
760 685 879 766 legenti
907 685 995 767 prius
1027 688 1187 750 oeeurrat¹
1201 686 1288 750 notio
1317 687 1414 750 verbi

182 776 275 883 (est',
303 789 354 854 eui
378 789 504 854 additur
531 789 629 854 altero
653 791 720 855 loeo
744 809 782 855 ea
804 790 914 868 forma,
939 809 1018 872 quae
1035 792 1238 856 collocatione
1262 811 1322 856 sna
1340 793 1413 857 veri

177 896 339 979 partieipii
361 897 426 961 virn
449 899 534 961 oerte
558 897 760 979 aliquatenus
784 899 959 980 recuperat.

268 1002 427 1096 Effectum
446 1022 526 1068 esse
555 1003 676 1085 aliquid
708 1004 749 1068 ad
779 1005 955 1068 sententiae
978 1005 1043 1069 vim
1067 1006 1233 1087 gerundivi
1262 1007 1296 1070 et
1318 1006 1413 1070 verbi

178 1099 262 1206 <est’
288 1110 496 1176 disiunotione
520 1111 740 1192 unusquisque
765 1111 882 1174 sentiet
904 1111 938 1173 in
960 1110 1020 1175 hoo
1042 1112 1109 1175 loeo
1132 1111 1163 1174 V
1187 1119 1303 1194 4sqq.:

359 1215 447 1282 Soles
470 1215 608 1281 eradere
631 1220 660 1281 et
682 1216 789 1281 redire
806 1220 962 1297 possead:
1016 1261 1020 1270 .

357 1323 459 1388 Nobis
482 1344 552 1387 eum
576 1322 671 1388 semel
692 1323 807 1388 oceidit
829 1323 931 1388 breuis
955 1322 1020 1401 lue,

357 1429 433 1495 Nox
455 1435 501 1495 est
519 1433 677 1512 perpetua
699 1449 770 1494 aaa
793 1429 986 1495 dormiendo.

175 1537 244 1602 Ubi
280 1538 421 1621 proximo
448 1537 601 1602 vocabulo
634 1525 715 1632 ‘lux'
748 1538 917 1620 opponitur
954 1537 1102 1602 eontinuo
1135 1555 1209 1631 ‘ner
1233 1524 1310 1615 est',
1356 1537 1410 1602 eui

175 1643 310 1708 demum
332 1645 456 1725 relique
479 1643 660 1709 adioinntur
683 1643 848 1725 gerundivi
871 1643 974 1707 forma
997 1645 1153 1708 oonelnsa.
1198 1644 1251 1708 Ita
1276 1643 1411 1727 propria

175 1750 265 1815 notio
289 1751 462 1834 separatim
486 1751 639 1815 oollooata
661 1749 795 1814 validior
810 1749 875 1814 fere
897 1750 943 1829 fit,
968 1768 1048 1832 quae
1071 1750 1211 1834 proxime
1235 1751 1409 1816 ooniuneta

176 1873 253 1921 oum
276 1856 457 1938 insequenti
483 1844 566 1951 ‘eet'
613 1857 705 1921 'sua
727 1857 892 1922 minuitur.
1402 1943 1404 1945 Ι

268 1963 358 2028 Lioet
372 1965 406 2028 in
421 1963 589 2047 permultis
617 1963 695 2028 loeis
720 1981 757 2027 ea
774 1975 871 2044 quam
895 1963 1068 2028 statuimus
1092 1963 1269 2028 differentia
1291 1981 1409 2028 evane-

178 2072 252 2134 seat
267 2069 341 2148 fere,
364 2073 474 2135 tamen
489 2071 522 2134 in
538 2070 673 2135 totidem
689 2069 758 2134 aliis
781 2069 819 2133 fit
835 2055 1011 2153 oonepiona,
1034 2072 1067 2134 et
1083 2072 1132 2134 est
1148 2072 1232 2135 oerte
1252 2088 1298 2147 ea,
1324 2088 1408 2152 quae

176 2176 208 2240 si
239 2195 303 2241 non
333 2195 457 2260 semper
484 2195 541 2260 per
569 2177 674 2260 ipsam
704 2177 942 2241 eolloeationem
972 2177 1070 2241 etiam
1098 2177 1226 2241 nolente
1249 2177 1406 2260 soriptore

175 2281 331 2361 efficitur,
362 2286 471 2348 tamen
500 2285 559 2349 hoo
581 2284 707 2348 volente
737 2285 770 2348 et
798 2284 983 2348 intendente
1006 2282 1098 2348 faoile
1120 2284 1154 2346 in
1176 2283 1312 2364 legentis
1339 2283 1409 2347 ani-

176 2407 271 2457 mum
293 2390 420 2454 ineidat.
464 2389 535 2454 Iam
557 2391 590 2454 in
613 2389 763 2471 hisquae
786 2409 825 2454 ex
847 2390 952 2454 intimi
976 2389 1073 2453 enimi
1096 2389 1310 2454 commotione·
1329 2389 1407 2453 dieit

177 2497 273 2578 poeta
295 2495 328 2560 in
351 2515 376 2560 e.
399 2496 539 2561 LXVHI
563 2503 603 2560 22
629 2522 673 2552 =
697 2503 738 2562 94
761 2495 925 2561 eollooatio
958 2495 1086 2577 quidem
1112 2496 1281 2560 verborum
1308 2495 1405 2560 ferire

175 2601 274 2666 debet
297 2621 428 2668 sensum
449 2606 613 2668 nostrum:

405 2709 521 2774 Tecum
543 2728 613 2772 ena
636 2710 701 2772 roto
724 2712 770 2773 est
791 2712 903 2772 nesae
925 2706 1052 2788 sepulta
1075 2707 1185 2772 danes

176 2816 235 2881 ubi
261 2817 344 2912 ttote
366 2803 430 2880 est'
457 2817 521 2881 sive
547 2804 678 2910 ‘totast'
706 2816 900 2899 aprinoipio
930 2815 1116 2899 ampliorem
1143 2833 1214 2880 eam
1237 2815 1406 2896 oogitatio-

175 2941 253 2988 nem
274 2923 400 3002 excitat,
425 2941 506 3005 quae
529 2941 586 3006 per
607 2923 779 3005 insequens
810 2909 964 3018 ‘sepulta'
994 2921 1118 3005 proprie
1144 2921 1348 3004 praedicatur
1372 2922 1405 2986 et

175 3029 213 3094 in
236 3031 399 3112 angustias
422 3031 585 3112 redigitur.
1122 3017 1125 3028 ’

267 3135 372 3218 Igitur
402 3140 439 3203 ut
471 3138 653 3234 cadlocutus
688 3124 751 3201 est'
788 3153 846 3219 per
881 3136 931 3199 est
965 3135 1091 3200 omnino
1127 3134 1248 3199 aetivee
1281 3133 1403 3198 formae

180 3233 384 3337 ‘appellavit'
417 3244 623 3325 similiterque
646 3243 684 3308 fit
707 3243 741 3307 in
770 3242 916 3307 omnibus
939 3242 1057 3324 passivi
1088 3241 1254 3324 praeteriti
1282 3239 1403 3317 formis,

174 3349 226 3413 ita
251 3349 394 3446 tdeserte
423 3337 512 3414 sunt’
537 3369 602 3414 non
631 3349 716 3414 idem
745 3352 795 3414 est
826 3368 863 3413 ae
889 3349 980 3447 tsunt
1009 3338 1159 3425 deserta',
1188 3348 1273 3429 quod
1296 3349 1403 3412 osten-

175 3455 261 3520 dunt
283 3456 362 3520 haee
384 3456 418 3520 in
441 3475 467 3520 o.
488 3455 593 3520 LXIV
619 3463 682 3522 186
692 3473 755 3537 sq:

941 3560 1051 3626 omnia
1072 3564 1171 3638 mata,

360 3667 479 3734 emata
499 3673 575 3734 seat
597 3668 731 3748 deserto,
755 3672 914 3732 ostentarat
936 3667 1046 3732 omniu
1069 3667 1171 3732 letrau

176 3774 234 3839 ubi
256 3775 453 3857 reliquarum
475 3777 642 3842 notionum
664 3776 902 3860 propinquitate
926 3793 963 3839 ea
986 3774 1163 3840 differentia
1185 3775 1330 3856 augetur.

267 3885 314 3946 Ao
335 3884 426 3964 patet
447 3883 536 3961 illud,
560 3884 643 3948 siout
665 3883 784 3947 formae
815 3870 945 3978 ‘iratus'
978 3877 1098 3976 ‘notus’
1131 3875 1290 3977 ‘sanetus'
1320 3881 1399 3944 aliae

175 3989 408 4053 adieetivorum
423 3990 507 4054 vioee
526 3984 713 4072 plerumque
737 3991 848 4054 tenent
864 3989 1095 4069 durantemque
1119 3988 1260 4068 aliquam
1283 3987 1401 4070 signifi-

175 4097 254 4160 oant
282 4096 364 4173 virn,
391 4095 469 4160 item
493 4095 533 4160 ad
556 4096 689 4160 eandem
713 4097 779 4161 vim
809 4095 1010 4176 aliquatenus
1035 4093 1194 4158 admoveri
1218 4095 1279 4158 alia
1302 4094 1400 4176 parti-

174 4200 260 4285 eipia
283 4203 415 4267 verbum
439 4203 589 4268 auxiliare
616 4191 695 4298 test’
721 4201 963 4284 subsequentia,
998 4201 1086 4266 velut
1114 4201 1148 4265 in
1171 4219 1197 4266 o.
1219 4200 1316 4265 XVII
1340 4209 1398 4266 14:
