<?xml version="1.0" encoding="UTF-8"?>
<!DOCTYPE html PUBLIC "-//W3C//DTD XHTML 1.0 Transitional//EN"
    "http://www.w3.org/TR/xhtml1/DTD/xhtml1-transitional.dtd">
<html xmlns="http://www.w3.org/1999/xhtml" xml:lang="en" lang="en">
 <head>
  <title>
</title>
<meta http-equiv="Content-Type" content="text/html;charset=utf-8" />
  <meta name='ocr-system' content='tesseract 3.04.00' />
  <meta name='ocr-capabilities' content='ocr_page ocr_carea ocr_par ocr_line ocrx_word'/>
</head>
<body>
  <div class='ocr_page' id='page_1' title='image "./quaestonescatul00webegoog_0180.png"; bbox 0 0 2934 4742; ppageno 0'>
   <div class='ocr_carea' id='block_1_1' title="bbox 588 202 748 294">
    <p class='ocr_par' dir='ltr' id='par_1_1' title="bbox 588 202 748 294">
     <span class='ocr_line' id='line_1_1' title="bbox 588 202 748 294; baseline 0 -34"><span class='ocrx_word' id='word_1_1' title='bbox 588 202 748 294; x_wconf 45' lang='lat' dir='ltr'>Q</span> 
     </span>
    </p>
   </div>
   <div class='ocr_carea' id='block_1_2' title="bbox 50 384 1309 3778">
    <p class='ocr_par' dir='ltr' id='par_1_2' title="bbox 58 384 1286 1092">
     <span class='ocr_line' id='line_1_2' title="bbox 61 384 1284 474; baseline 0.007 -27"><span class='ocrx_word' id='word_1_2' title='bbox 61 384 173 450; x_wconf 89' lang='lat' dir='ltr'>iterum</span> <span class='ocrx_word' id='word_1_3' title='bbox 196 405 285 450; x_wconf 85' lang='lat' dir='ltr'>come</span> <span class='ocrx_word' id='word_1_4' title='bbox 308 388 397 470; x_wconf 82' lang='lat' dir='ltr'>tegla</span> <span class='ocrx_word' id='word_1_5' title='bbox 419 387 518 454; x_wconf 89' lang='lat' dir='ltr'>fieret.</span> <span class='ocrx_word' id='word_1_6' title='bbox 563 389 615 453; x_wconf 89' lang='lat' dir='ltr'>Ita</span> <span class='ocrx_word' id='word_1_7' title='bbox 632 389 761 471; x_wconf 90' lang='lat' dir='ltr'>quidem</span> <span class='ocrx_word' id='word_1_8' title='bbox 785 391 853 455; x_wconf 89' lang='lat' dir='ltr'>sine</span> <span class='ocrx_word' id='word_1_9' title='bbox 868 391 936 455; x_wconf 89' lang='lat' dir='ltr'>ulla</span> <span class='ocrx_word' id='word_1_10' title='bbox 958 391 1088 474; x_wconf 89' lang='lat' dir='ltr'>reginae</span> <span class='ocrx_word' id='word_1_11' title='bbox 1113 390 1284 456; x_wconf 89' lang='lat' dir='ltr'>offensione</span> 
     </span>
     <span class='ocr_line' id='line_1_3' title="bbox 61 491 1285 577; baseline 0.007 -23"><span class='ocrx_word' id='word_1_12' title='bbox 61 491 89 554; x_wconf 94' lang='lat' dir='ltr'>id</span> <span class='ocrx_word' id='word_1_13' title='bbox 111 493 214 576; x_wconf 88' lang='lat' dir='ltr'>cupit,</span> <span class='ocrx_word' id='word_1_14' title='bbox 239 493 323 575; x_wconf 91' lang='lat' dir='ltr'>quod</span> <span class='ocrx_word' id='word_1_15' title='bbox 338 512 453 577; x_wconf 89' lang='lat' dir='ltr'>cupere</span> <span class='ocrx_word' id='word_1_16' title='bbox 472 494 576 573; x_wconf 91' lang='lat' dir='ltr'>debet,</span> <span class='ocrx_word' id='word_1_17' title='bbox 599 495 638 560; x_wconf 92' lang='lat' dir='ltr'>ut</span> <span class='ocrx_word' id='word_1_18' title='bbox 660 495 770 561; x_wconf 88' lang='lat' dir='ltr'>redeat</span> <span class='ocrx_word' id='word_1_19' title='bbox 792 497 825 560; x_wconf 91' lang='lat' dir='ltr'>in</span> <span class='ocrx_word' id='word_1_20' title='bbox 841 498 1003 576; x_wconf 80' lang='lat' dir='ltr'>uerticem,</span> <span class='ocrx_word' id='word_1_21' title='bbox 1026 499 1061 562; x_wconf 91' lang='lat' dir='ltr'>et</span> <span class='ocrx_word' id='word_1_22' title='bbox 1083 497 1164 562; x_wconf 92' lang='lat' dir='ltr'>illud</span> <span class='ocrx_word' id='word_1_23' title='bbox 1188 497 1285 562; x_wconf 91' lang='lat' dir='ltr'>simul</span> 
     </span>
     <span class='ocr_line' id='line_1_4' title="bbox 59 598 1285 686; baseline 0.006 -25"><span class='ocrx_word' id='word_1_24' title='bbox 59 615 171 680; x_wconf 88' lang='lat' dir='ltr'>negare</span> <span class='ocrx_word' id='word_1_25' title='bbox 193 598 302 681; x_wconf 87' lang='lat' dir='ltr'>potest</span> <span class='ocrx_word' id='word_1_26' title='bbox 324 599 386 664; x_wconf 88' lang='lat' dir='ltr'>sibl</span> <span class='ocrx_word' id='word_1_27' title='bbox 408 599 549 665; x_wconf 91' lang='lat' dir='ltr'>reditum</span> <span class='ocrx_word' id='word_1_28' title='bbox 572 601 675 666; x_wconf 88' lang='lat' dir='ltr'>licere.</span> <span class='ocrx_word' id='word_1_29' title='bbox 721 603 764 666; x_wconf 83' lang='lat' dir='ltr'>Et</span> <span class='ocrx_word' id='word_1_30' title='bbox 788 603 937 685; x_wconf 86' lang='lat' dir='ltr'>quoniam</span> <span class='ocrx_word' id='word_1_31' title='bbox 967 622 1024 686; x_wconf 86' lang='lat' dir='ltr'>per</span> <span class='ocrx_word' id='word_1_32' title='bbox 1047 604 1285 668; x_wconf 90' lang='lat' dir='ltr'>coniunctlvum</span> 
     </span>
     <span class='ocr_line' id='line_1_5' title="bbox 59 706 1286 793; baseline 0.007 -27"><span class='ocrx_word' id='word_1_33' title='bbox 59 706 231 786; x_wconf 88' lang='lat' dir='ltr'>praesentis</span> <span class='ocrx_word' id='word_1_34' title='bbox 260 706 413 790; x_wconf 89' lang='lat' dir='ltr'>temporis</span> <span class='ocrx_word' id='word_1_35' title='bbox 444 725 482 772; x_wconf 88' lang='lat' dir='ltr'>ea</span> <span class='ocrx_word' id='word_1_36' title='bbox 506 708 741 790; x_wconf 87' lang='lat' dir='ltr'>significantur,</span> <span class='ocrx_word' id='word_1_37' title='bbox 772 729 853 791; x_wconf 89' lang='lat' dir='ltr'>quae</span> <span class='ocrx_word' id='word_1_38' title='bbox 876 729 940 774; x_wconf 92' lang='lat' dir='ltr'>non</span> <span class='ocrx_word' id='word_1_39' title='bbox 963 729 1039 775; x_wconf 80' lang='lat' dir='ltr'>uera</span> <span class='ocrx_word' id='word_1_40' title='bbox 1062 713 1139 775; x_wconf 91' lang='lat' dir='ltr'>sunt</span> <span class='ocrx_word' id='word_1_41' title='bbox 1160 729 1218 793; x_wconf 90' lang='lat' dir='ltr'>per</span> <span class='ocrx_word' id='word_1_42' title='bbox 1241 729 1286 789; x_wconf 91' lang='lat' dir='ltr'>se,</span> 
     </span>
     <span class='ocr_line' id='line_1_6' title="bbox 61 809 1286 900; baseline 0.007 -28"><span class='ocrx_word' id='word_1_43' title='bbox 61 809 111 874; x_wconf 91' lang='lat' dir='ltr'>sed</span> <span class='ocrx_word' id='word_1_44' title='bbox 145 811 284 893; x_wconf 87' lang='lat' dir='ltr'>cogitate</span> <span class='ocrx_word' id='word_1_45' title='bbox 317 815 446 877; x_wconf 86' lang='lat' dir='ltr'>tantum</span> <span class='ocrx_word' id='word_1_46' title='bbox 482 816 515 878; x_wconf 89' lang='lat' dir='ltr'>et</span> <span class='ocrx_word' id='word_1_47' title='bbox 548 814 624 880; x_wconf 87' lang='lat' dir='ltr'>ficte</span> <span class='ocrx_word' id='word_1_48' title='bbox 657 819 877 898; x_wconf 88' lang='lat' dir='ltr'>proponuntur</span> <span class='ocrx_word' id='word_1_49' title='bbox 912 816 963 900; x_wconf 75' lang='lat' dir='ltr'>(cl.</span> <span class='ocrx_word' id='word_1_50' title='bbox 985 816 1121 881; x_wconf 80' lang='lat' dir='ltr'>dener</span> <span class='ocrx_word' id='word_1_51' title='bbox 1149 817 1170 880; x_wconf 90' lang='lat' dir='ltr'>l.</span> <span class='ocrx_word' id='word_1_52' title='bbox 1193 836 1219 882; x_wconf 91' lang='lat' dir='ltr'>c.</span> <span class='ocrx_word' id='word_1_53' title='bbox 1250 817 1286 880; x_wconf 96' lang='grc' dir='ltr'>Π</span> 
     </span>
     <span class='ocr_line' id='line_1_7' title="bbox 58 917 1285 1005; baseline 0.005 -24"><span class='ocrx_word' id='word_1_54' title='bbox 58 935 85 999; x_wconf 90' lang='lat' dir='ltr'>p.</span> <span class='ocrx_word' id='word_1_55' title='bbox 109 917 195 1001; x_wconf 79' lang='lat'>923),</span> <span class='ocrx_word' id='word_1_56' title='bbox 219 918 355 984; x_wconf 76' lang='lat' dir='ltr'>traditae</span> <span class='ocrx_word' id='word_1_57' title='bbox 378 920 523 984; x_wconf 85' lang='lat' dir='ltr'>lectionis</span> <span class='ocrx_word' id='word_1_58' title='bbox 548 922 587 984; x_wconf 89' lang='lat' dir='ltr'>ut</span> <span class='ocrx_word' id='word_1_59' title='bbox 609 938 668 1004; x_wconf 89' lang='lat' dir='ltr'>par</span> <span class='ocrx_word' id='word_1_60' title='bbox 692 921 797 986; x_wconf 91' lang='lat' dir='ltr'>estin</span> <span class='ocrx_word' id='word_1_61' title='bbox 821 921 947 987; x_wconf 82' lang='lat' dir='ltr'>Catullo</span> <span class='ocrx_word' id='word_1_62' title='bbox 971 922 1112 1005; x_wconf 79' lang='lat' dir='ltr'>apicibus</span> <span class='ocrx_word' id='word_1_63' title='bbox 1136 924 1285 987; x_wconf 88' lang='lat' dir='ltr'>accurate</span> 
     </span>
     <span class='ocr_line' id='line_1_8' title="bbox 60 1023 746 1092; baseline 0.007 -6"><span class='ocrx_word' id='word_1_64' title='bbox 60 1023 190 1088; x_wconf 84' lang='lat' dir='ltr'>serratis</span> <span class='ocrx_word' id='word_1_65' title='bbox 213 1025 292 1090; x_wconf 88' lang='lat' dir='ltr'>haec</span> <span class='ocrx_word' id='word_1_66' title='bbox 314 1026 395 1090; x_wconf 89' lang='lat' dir='ltr'>mihi</span> <span class='ocrx_word' id='word_1_67' title='bbox 418 1027 525 1091; x_wconf 83' lang='lat' dir='ltr'>evadit</span> <span class='ocrx_word' id='word_1_68' title='bbox 548 1027 746 1092; x_wconf 83' lang='lat' dir='ltr'>emendatio:</span> 
     </span>
    </p>

    <p class='ocr_par' dir='ltr' id='par_1_3' title="bbox 233 1128 1249 1216">
     <span class='ocr_line' id='line_1_9' title="bbox 233 1128 1249 1216; baseline 0.001 -19"><span class='ocrx_word' id='word_1_69' title='bbox 233 1128 352 1197; x_wconf 80' lang='lat' dir='ltr'>Sidera</span> <span class='ocrx_word' id='word_1_70' title='bbox 374 1136 677 1212; x_wconf 73' lang='lat' dir='ltr'>coaeteruum,</span> <span class='ocrx_word' id='word_1_71' title='bbox 700 1133 738 1197; x_wconf 85' lang='lat' dir='ltr'>sc&#39;</span> <span class='ocrx_word' id='word_1_72' title='bbox 760 1133 905 1198; x_wconf 79' lang='lat' dir='ltr'>lterum</span> <span class='ocrx_word' id='word_1_73' title='bbox 928 1153 1016 1199; x_wconf 83' lang='lat' dir='ltr'>como</span> <span class='ocrx_word' id='word_1_74' title='bbox 1038 1133 1129 1216; x_wconf 78' lang='lat' dir='ltr'>reple</span> <span class='ocrx_word' id='word_1_75' title='bbox 1151 1133 1249 1215; x_wconf 67' lang='lat' dir='ltr'>fiam:</span> 
     </span>
    </p>

    <p class='ocr_par' dir='ltr' id='par_1_4' title="bbox 278 1236 978 1322">
     <span class='ocr_line' id='line_1_10' title="bbox 278 1236 978 1322; baseline 0.004 -21"><span class='ocrx_word' id='word_1_76' title='bbox 278 1236 452 1302; x_wconf 75' lang='lat' dir='ltr'>Proximus</span> <span class='ocrx_word' id='word_1_77' title='bbox 475 1238 663 1322; x_wconf 71' lang='lat' dir='ltr'><strong><em>Hydrochoi</em></strong></span> <span class='ocrx_word' id='word_1_78' title='bbox 684 1238 820 1321; x_wconf 67' lang='lat' dir='ltr'>fulgeret</span> <span class='ocrx_word' id='word_1_79' title='bbox 845 1239 978 1308; x_wconf 73' lang='lat' dir='ltr'>Oarion.</span> 
     </span>
    </p>

    <p class='ocr_par' dir='ltr' id='par_1_5' title="bbox 53 1339 1287 2498">
     <span class='ocr_line' id='line_1_11' title="bbox 57 1339 1279 1436; baseline 0.006 -32"><span class='ocrx_word' id='word_1_80' title='bbox 57 1339 108 1405; x_wconf 90' lang='lat' dir='ltr'>Ita&#39;</span> <span class='ocrx_word' id='word_1_81' title='bbox 134 1343 196 1407; x_wconf 87' lang='lat' dir='ltr'>hoe</span> <span class='ocrx_word' id='word_1_82' title='bbox 227 1344 310 1426; x_wconf 92' lang='lat' dir='ltr'>quod</span> <span class='ocrx_word' id='word_1_83' title='bbox 339 1345 373 1410; x_wconf 91' lang='lat' dir='ltr'>in</span> <span class='ocrx_word' id='word_1_84' title='bbox 403 1347 502 1410; x_wconf 89' lang='lat' dir='ltr'>altero</span> <span class='ocrx_word' id='word_1_85' title='bbox 532 1365 626 1411; x_wconf 86' lang='lat' dir='ltr'>versu</span> <span class='ocrx_word' id='word_1_86' title='bbox 656 1347 840 1411; x_wconf 88' lang='lat' dir='ltr'>nominatur</span> <span class='ocrx_word' id='word_1_87' title='bbox 870 1348 1012 1430; x_wconf 83' lang='lat' dir='ltr'>exemplo</span> <span class='ocrx_word' id='word_1_88' title='bbox 1042 1347 1122 1413; x_wconf 87' lang='lat' dir='ltr'>iliud</span> <span class='ocrx_word' id='word_1_89' title='bbox 1159 1343 1279 1436; x_wconf 51' lang='lat' dir='ltr'>‘ruere’</span> 
     </span>
     <span class='ocr_line' id='line_1_12' title="bbox 58 1449 1287 1548; baseline 0.005 -36"><span class='ocrx_word' id='word_1_90' title='bbox 58 1451 128 1532; x_wconf 92' lang='lat' dir='ltr'>apte</span> <span class='ocrx_word' id='word_1_91' title='bbox 152 1450 351 1528; x_wconf 86' lang='lat' dir='ltr'>illustratur;</span> <span class='ocrx_word' id='word_1_92' title='bbox 377 1449 573 1548; x_wconf 48' lang='lat' dir='ltr'>‘ruentibus’</span> <span class='ocrx_word' id='word_1_93' title='bbox 599 1455 684 1518; x_wconf 87' lang='lat' dir='ltr'>enim</span> <span class='ocrx_word' id='word_1_94' title='bbox 707 1454 863 1519; x_wconf 81' lang='lat' dir='ltr'>sideribus</span> <span class='ocrx_word' id='word_1_95' title='bbox 886 1473 945 1519; x_wconf 89' lang='lat' dir='ltr'>nec</span> <span class='ocrx_word' id='word_1_96' title='bbox 965 1455 1075 1518; x_wconf 89' lang='lat' dir='ltr'>tamen</span> <span class='ocrx_word' id='word_1_97' title='bbox 1102 1454 1287 1542; x_wconf 72' lang='lat' dir='ltr'>⁸corruenti-</span> 
     </span>
     <span class='ocr_line' id='line_1_13' title="bbox 55 1553 1286 1644; baseline 0.003 -25"><span class='ocrx_word' id='word_1_98' title='bbox 55 1553 127 1620; x_wconf 89' lang='lat' dir='ltr'>bus’</span> <span class='ocrx_word' id='word_1_99' title='bbox 158 1555 255 1622; x_wconf 91' lang='lat' dir='ltr'>Orion</span> <span class='ocrx_word' id='word_1_100' title='bbox 277 1559 368 1622; x_wconf 83' lang='lat' dir='ltr'>iuxta</span> <span class='ocrx_word' id='word_1_101' title='bbox 390 1560 569 1640; x_wconf 83' lang='lat' dir='ltr'>Aquarium</span> <span class='ocrx_word' id='word_1_102' title='bbox 592 1560 756 1642; x_wconf 84' lang='lat' dir='ltr'>fulgurare</span> <span class='ocrx_word' id='word_1_103' title='bbox 780 1561 905 1644; x_wconf 90' lang='lat' dir='ltr'>poterit.</span> <span class='ocrx_word' id='word_1_104' title='bbox 950 1560 1138 1644; x_wconf 86' lang='lat' dir='ltr'>Asyndetou</span> <span class='ocrx_word' id='word_1_105' title='bbox 1168 1561 1286 1639; x_wconf 90' lang='lat' dir='ltr'>autem,</span> 
     </span>
     <span class='ocr_line' id='line_1_14' title="bbox 56 1663 1287 1749; baseline 0.004 -24"><span class='ocrx_word' id='word_1_106' title='bbox 56 1664 149 1743; x_wconf 89' lang='lat' dir='ltr'>quale</span> <span class='ocrx_word' id='word_1_107' title='bbox 179 1663 232 1728; x_wconf 91' lang='lat' dir='ltr'>bic</span> <span class='ocrx_word' id='word_1_108' title='bbox 261 1667 379 1743; x_wconf 81' lang='lat' dir='ltr'>exstat,</span> <span class='ocrx_word' id='word_1_109' title='bbox 409 1665 525 1730; x_wconf 88' lang='lat' dir='ltr'>talium</span> <span class='ocrx_word' id='word_1_110' title='bbox 553 1667 690 1731; x_wconf 84' lang='lat' dir='ltr'>maxime</span> <span class='ocrx_word' id='word_1_111' title='bbox 715 1668 963 1744; x_wconf 88' lang='lat' dir='ltr'>sententiarum,</span> <span class='ocrx_word' id='word_1_112' title='bbox 994 1686 1075 1749; x_wconf 88' lang='lat' dir='ltr'>quae</span> <span class='ocrx_word' id='word_1_113' title='bbox 1106 1669 1144 1731; x_wconf 92' lang='lat' dir='ltr'>ut</span> <span class='ocrx_word' id='word_1_114' title='bbox 1166 1667 1217 1731; x_wconf 84' lang='lat' dir='ltr'>vel</span> <span class='ocrx_word' id='word_1_115' title='bbox 1240 1666 1287 1731; x_wconf 90' lang='lat' dir='ltr'>rel</span> 
     </span>
     <span class='ocr_line' id='line_1_15' title="bbox 56 1769 1287 1856; baseline 0.002 -24"><span class='ocrx_word' id='word_1_116' title='bbox 56 1769 170 1835; x_wconf 89' lang='lat' dir='ltr'>dictive</span> <span class='ocrx_word' id='word_1_117' title='bbox 206 1771 341 1836; x_wconf 85' lang='lat' dir='ltr'>alicuius</span> <span class='ocrx_word' id='word_1_118' title='bbox 375 1772 494 1837; x_wconf 89' lang='lat' dir='ltr'>veritas</span> <span class='ocrx_word' id='word_1_119' title='bbox 524 1773 688 1838; x_wconf 87' lang='lat' dir='ltr'>sauciatur</span> <span class='ocrx_word' id='word_1_120' title='bbox 715 1773 766 1837; x_wconf 89' lang='lat' dir='ltr'>vei</span> <span class='ocrx_word' id='word_1_121' title='bbox 796 1776 834 1837; x_wconf 91' lang='lat' dir='ltr'>ut</span> <span class='ocrx_word' id='word_1_122' title='bbox 863 1773 984 1856; x_wconf 90' lang='lat' dir='ltr'>aliquid</span> <span class='ocrx_word' id='word_1_123' title='bbox 1017 1773 1086 1837; x_wconf 89' lang='lat' dir='ltr'>fieri</span> <span class='ocrx_word' id='word_1_124' title='bbox 1107 1789 1287 1854; x_wconf 86' lang='lat' dir='ltr'>numquam</span> 
     </span>
     <span class='ocr_line' id='line_1_16' title="bbox 54 1878 1287 1962; baseline 0.002 -22"><span class='ocrx_word' id='word_1_125' title='bbox 54 1895 148 1958; x_wconf 90' lang='lat' dir='ltr'>posse</span> <span class='ocrx_word' id='word_1_126' title='bbox 184 1878 409 1956; x_wconf 88' lang='lat' dir='ltr'>contendatur,</span> <span class='ocrx_word' id='word_1_127' title='bbox 443 1878 569 1944; x_wconf 89' lang='lat' dir='ltr'>fictione</span> <span class='ocrx_word' id='word_1_128' title='bbox 599 1880 707 1962; x_wconf 86' lang='lat' dir='ltr'>aliqua</span> <span class='ocrx_word' id='word_1_129' title='bbox 736 1881 931 1945; x_wconf 87' lang='lat' dir='ltr'>mutationes</span> <span class='ocrx_word' id='word_1_130' title='bbox 963 1881 994 1944; x_wconf 91' lang='lat' dir='ltr'>in</span> <span class='ocrx_word' id='word_1_131' title='bbox 1025 1879 1144 1943; x_wconf 90' lang='lat' dir='ltr'>mundo</span> <span class='ocrx_word' id='word_1_132' title='bbox 1175 1881 1287 1943; x_wconf 88' lang='lat' dir='ltr'>contra</span> 
     </span>
     <span class='ocr_line' id='line_1_17' title="bbox 55 1985 1286 2070; baseline 0.002 -24"><span class='ocrx_word' id='word_1_133' title='bbox 55 2001 165 2047; x_wconf 91' lang='lat' dir='ltr'>rerum</span> <span class='ocrx_word' id='word_1_134' title='bbox 193 1987 345 2049; x_wconf 86' lang='lat' dir='ltr'>naturam</span> <span class='ocrx_word' id='word_1_135' title='bbox 376 1987 410 2049; x_wconf 91' lang='lat' dir='ltr'>et</span> <span class='ocrx_word' id='word_1_136' title='bbox 439 1986 582 2051; x_wconf 91' lang='lat' dir='ltr'>ordinem</span> <span class='ocrx_word' id='word_1_137' title='bbox 609 1985 712 2050; x_wconf 87' lang='lat' dir='ltr'>factas</span> <span class='ocrx_word' id='word_1_138' title='bbox 739 2005 797 2070; x_wconf 88' lang='lat' dir='ltr'>per</span> <span class='ocrx_word' id='word_1_139' title='bbox 829 1987 1070 2051; x_wconf 91' lang='lat' dir='ltr'>similitudinem</span> <span class='ocrx_word' id='word_1_140' title='bbox 1098 1987 1286 2069; x_wconf 72' lang='lat' dir='ltr'>proponunt,</span> 
     </span>
     <span class='ocr_line' id='line_1_18' title="bbox 53 2090 1287 2176; baseline 0.003 -24"><span class='ocrx_word' id='word_1_141' title='bbox 53 2090 219 2173; x_wconf 89' lang='lat' dir='ltr'>proprium</span> <span class='ocrx_word' id='word_1_142' title='bbox 249 2109 318 2156; x_wconf 86' lang='lat' dir='ltr'>esse</span> <span class='ocrx_word' id='word_1_143' title='bbox 348 2093 399 2156; x_wconf 83' lang='lat' dir='ltr'>vel</span> <span class='ocrx_word' id='word_1_144' title='bbox 434 2092 469 2156; x_wconf 91' lang='lat' dir='ltr'>hi</span> <span class='ocrx_word' id='word_1_145' title='bbox 502 2093 564 2158; x_wconf 89' lang='lat' dir='ltr'>loci</span> <span class='ocrx_word' id='word_1_146' title='bbox 594 2096 747 2175; x_wconf 87' lang='lat' dir='ltr'>arguunt,</span> <span class='ocrx_word' id='word_1_147' title='bbox 783 2112 861 2175; x_wconf 90' lang='lat' dir='ltr'>quos</span> <span class='ocrx_word' id='word_1_148' title='bbox 898 2093 1040 2158; x_wconf 85' lang='lat' dir='ltr'>afferam.</span> <span class='ocrx_word' id='word_1_149' title='bbox 1092 2091 1287 2176; x_wconf 88' lang='lat' dir='ltr'>Propertius,</span> 
     </span>
     <span class='ocr_line' id='line_1_19' title="bbox 55 2196 1287 2283; baseline 0.002 -23"><span class='ocrx_word' id='word_1_150' title='bbox 55 2197 134 2260; x_wconf 91' lang='lat' dir='ltr'>dum</span> <span class='ocrx_word' id='word_1_151' title='bbox 159 2196 315 2280; x_wconf 81' lang='lat' dir='ltr'>Cynthiae</span> <span class='ocrx_word' id='word_1_152' title='bbox 344 2199 511 2281; x_wconf 84' lang='lat' dir='ltr'>perfidiam</span> <span class='ocrx_word' id='word_1_153' title='bbox 540 2201 707 2283; x_wconf 89' lang='lat' dir='ltr'>exprobrat</span> <span class='ocrx_word' id='word_1_154' title='bbox 735 2201 930 2282; x_wconf 88' lang='lat' dir='ltr'>deorumque</span> <span class='ocrx_word' id='word_1_155' title='bbox 960 2200 1117 2264; x_wconf 90' lang='lat' dir='ltr'>ultionem</span> <span class='ocrx_word' id='word_1_156' title='bbox 1140 2200 1287 2264; x_wconf 90' lang='lat' dir='ltr'>metuen-</span> 
     </span>
     <span class='ocr_line' id='line_1_20' title="bbox 54 2302 1287 2389; baseline 0.002 -23"><span class='ocrx_word' id='word_1_157' title='bbox 54 2302 131 2367; x_wconf 87' lang='lat' dir='ltr'>dam</span> <span class='ocrx_word' id='word_1_158' title='bbox 154 2305 308 2387; x_wconf 86' lang='lat' dir='ltr'>proponit,</span> <span class='ocrx_word' id='word_1_159' title='bbox 332 2325 405 2370; x_wconf 91' lang='lat' dir='ltr'>cum</span> <span class='ocrx_word' id='word_1_160' title='bbox 430 2307 527 2383; x_wconf 87' lang='lat' dir='ltr'>addit,</span> <span class='ocrx_word' id='word_1_161' title='bbox 551 2307 657 2389; x_wconf 87' lang='lat' dir='ltr'>siquid</span> <span class='ocrx_word' id='word_1_162' title='bbox 680 2307 791 2372; x_wconf 89' lang='lat' dir='ltr'>durius</span> <span class='ocrx_word' id='word_1_163' title='bbox 816 2308 845 2372; x_wconf 91' lang='lat' dir='ltr'>el</span> <span class='ocrx_word' id='word_1_164' title='bbox 868 2307 1025 2385; x_wconf 84' lang='lat' dir='ltr'>acciderit,</span> <span class='ocrx_word' id='word_1_165' title='bbox 1048 2307 1109 2371; x_wconf 92' lang='lat' dir='ltr'>hoc</span> <span class='ocrx_word' id='word_1_166' title='bbox 1131 2325 1204 2370; x_wconf 92' lang='lat' dir='ltr'>cum</span> <span class='ocrx_word' id='word_1_167' title='bbox 1229 2323 1287 2369; x_wconf 91' lang='lat' dir='ltr'>suo</span> 
     </span>
     <span class='ocr_line' id='line_1_21' title="bbox 53 2410 1144 2498; baseline 0.003 -25"><span class='ocrx_word' id='word_1_168' title='bbox 53 2410 187 2475; x_wconf 85' lang='lat' dir='ltr'>vulnere</span> <span class='ocrx_word' id='word_1_169' title='bbox 211 2415 243 2475; x_wconf 88' lang='lat' dir='ltr'>et</span> <span class='ocrx_word' id='word_1_170' title='bbox 266 2412 372 2477; x_wconf 87' lang='lat' dir='ltr'>dolore</span> <span class='ocrx_word' id='word_1_171' title='bbox 395 2413 472 2491; x_wconf 86' lang='lat' dir='ltr'>fieri,</span> <span class='ocrx_word' id='word_1_172' title='bbox 495 2431 552 2496; x_wconf 90' lang='lat' dir='ltr'>per</span> <span class='ocrx_word' id='word_1_173' title='bbox 575 2414 753 2497; x_wconf 86' lang='lat' dir='ltr'>asyndeton</span> <span class='ocrx_word' id='word_1_174' title='bbox 775 2413 919 2498; x_wconf 69' lang='lat' dir='ltr'>pergit&#39;I</span> <span class='ocrx_word' id='word_1_175' title='bbox 944 2421 994 2492; x_wconf 80' lang='lat'>15,</span> <span class='ocrx_word' id='word_1_176' title='bbox 1018 2421 1059 2479; x_wconf 79' lang='lat'>29</span> <span class='ocrx_word' id='word_1_177' title='bbox 1085 2413 1144 2478; x_wconf 91' lang='lat' dir='ltr'>sic:</span> 
     </span>
    </p>

    <p class='ocr_par' dir='ltr' id='par_1_6' title="bbox 234 2516 1028 2603">
     <span class='ocr_line' id='line_1_22' title="bbox 234 2516 1028 2603; baseline 0.004 -21"><span class='ocrx_word' id='word_1_178' title='bbox 234 2516 346 2582; x_wconf 81' lang='lat' dir='ltr'>Multo</span> <span class='ocrx_word' id='word_1_179' title='bbox 364 2519 461 2600; x_wconf 78' lang='lat' dir='ltr'>prius</span> <span class='ocrx_word' id='word_1_180' title='bbox 483 2523 571 2584; x_wconf 82' lang='lat' dir='ltr'>costo</span> <span class='ocrx_word' id='word_1_181' title='bbox 595 2518 742 2585; x_wconf 78' lang='lat' dir='ltr'>laberetur</span> <span class='ocrx_word' id='word_1_182' title='bbox 763 2520 904 2599; x_wconf 74' lang='lat' dir='ltr'>flumina</span> <span class='ocrx_word' id='word_1_183' title='bbox 919 2523 1028 2603; x_wconf 75' lang='lat' dir='ltr'>ponte,</span> 
     </span>
    </p>

    <p class='ocr_par' dir='ltr' id='par_1_7' title="bbox 279 2625 981 2705">
     <span class='ocr_line' id='line_1_23' title="bbox 279 2625 981 2705; baseline 0 -15"><span class='ocrx_word' id='word_1_184' title='bbox 279 2625 400 2690; x_wconf 75' lang='lat' dir='ltr'>Aucus</span> <span class='ocrx_word' id='word_1_185' title='bbox 422 2631 451 2690; x_wconf 80' lang='lat' dir='ltr'>et</span> <span class='ocrx_word' id='word_1_186' title='bbox 473 2627 619 2690; x_wconf 81' lang='lat' dir='ltr'>inversos</span> <span class='ocrx_word' id='word_1_187' title='bbox 642 2627 771 2691; x_wconf 75' lang='lat' dir='ltr'>duxerit</span> <span class='ocrx_word' id='word_1_188' title='bbox 794 2631 868 2691; x_wconf 80' lang='lat' dir='ltr'>oute</span> <span class='ocrx_word' id='word_1_189' title='bbox 890 2627 981 2705; x_wconf 62' lang='lat' dir='ltr'>olom,</span> 
     </span>
    </p>

    <p class='ocr_par' dir='ltr' id='par_1_8' title="bbox 50 2731 1309 3778">
     <span class='ocr_line' id='line_1_24' title="bbox 237 2731 1054 2814; baseline 0.001 -18"><span class='ocrx_word' id='word_1_190' title='bbox 237 2731 341 2814; x_wconf 76' lang='lat' dir='ltr'>Quum</span> <span class='ocrx_word' id='word_1_191' title='bbox 364 2737 422 2796; x_wconf 77' lang='lat' dir='ltr'>too</span> <span class='ocrx_word' id='word_1_192' title='bbox 444 2732 502 2796; x_wconf 83' lang='lat' dir='ltr'>sub</span> <span class='ocrx_word' id='word_1_193' title='bbox 524 2737 631 2796; x_wconf 77' lang='lat' dir='ltr'>nostro</span> <span class='ocrx_word' id='word_1_194' title='bbox 653 2737 797 2796; x_wconf 62' lang='lat' dir='ltr'>summor</span> <span class='ocrx_word' id='word_1_195' title='bbox 814 2735 941 2813; x_wconf 79' lang='lat' dir='ltr'>pectore</span> <span class='ocrx_word' id='word_1_196' title='bbox 964 2752 1054 2798; x_wconf 83' lang='lat' dir='ltr'>curo.</span> 
     </span>
     <span class='ocr_line' id='line_1_25' title="bbox 56 2835 1309 2926; baseline 0.002 -24"><span class='ocrx_word' id='word_1_197' title='bbox 56 2836 121 2902; x_wconf 87' lang='lat' dir='ltr'>Sed</span> <span class='ocrx_word' id='word_1_198' title='bbox 150 2837 183 2901; x_wconf 93' lang='lat' dir='ltr'>in</span> <span class='ocrx_word' id='word_1_199' title='bbox 206 2838 257 2904; x_wconf 89' lang='lat' dir='ltr'>his</span> <span class='ocrx_word' id='word_1_200' title='bbox 282 2839 431 2920; x_wconf 88' lang='lat' dir='ltr'>quonlam</span> <span class='ocrx_word' id='word_1_201' title='bbox 461 2835 584 2926; x_wconf 49' lang='lat' dir='ltr'>‘muita’</span> <span class='ocrx_word' id='word_1_202' title='bbox 615 2841 800 2922; x_wconf 83' lang='lat' dir='ltr'>surruptum</span> <span class='ocrx_word' id='word_1_203' title='bbox 831 2857 900 2904; x_wconf 88' lang='lat' dir='ltr'>esse</span> <span class='ocrx_word' id='word_1_204' title='bbox 925 2840 1059 2916; x_wconf 90' lang='lat' dir='ltr'>constat,</span> <span class='ocrx_word' id='word_1_205' title='bbox 1081 2857 1140 2904; x_wconf 92' lang='lat' dir='ltr'>nec</span> <span class='ocrx_word' id='word_1_206' title='bbox 1169 2836 1309 2926; x_wconf 45' lang='lat' dir='ltr'>‘nulla&#39;</span> 
     </span>
     <span class='ocr_line' id='line_1_26' title="bbox 55 2942 1290 3039; baseline 0 -29"><span class='ocrx_word' id='word_1_207' title='bbox 55 2948 116 3011; x_wconf 88' lang='lat' dir='ltr'>aut</span> <span class='ocrx_word' id='word_1_208' title='bbox 143 2942 260 3039; x_wconf 50' lang='lat' dir='ltr'>‘muta&#39;</span> <span class='ocrx_word' id='word_1_209' title='bbox 289 2946 453 3010; x_wconf 90' lang='lat' dir='ltr'>meliorem</span> <span class='ocrx_word' id='word_1_210' title='bbox 478 2964 608 3010; x_wconf 90' lang='lat' dir='ltr'>sensum</span> <span class='ocrx_word' id='word_1_211' title='bbox 632 2945 732 3023; x_wconf 85' lang='lat' dir='ltr'>affert,</span> <span class='ocrx_word' id='word_1_212' title='bbox 756 2946 789 3010; x_wconf 95' lang='lat' dir='ltr'>ld</span> <span class='ocrx_word' id='word_1_213' title='bbox 812 2946 1030 3028; x_wconf 88' lang='lat' dir='ltr'>reponendum</span> <span class='ocrx_word' id='word_1_214' title='bbox 1052 2947 1137 3009; x_wconf 89' lang='lat' dir='ltr'>recte</span> <span class='ocrx_word' id='word_1_215' title='bbox 1160 2945 1290 3010; x_wconf 85' lang='lat' dir='ltr'>ridetur</span> 
     </span>
     <span class='ocr_line' id='line_1_27' title="bbox 52 3048 1289 3140; baseline 0.002 -24"><span class='ocrx_word' id='word_1_216' title='bbox 52 3053 247 3117; x_wconf 86' lang='lat' dir='ltr'>vccabulum</span> <span class='ocrx_word' id='word_1_217' title='bbox 270 3051 305 3116; x_wconf 90' lang='lat' dir='ltr'>P.</span> <span class='ocrx_word' id='word_1_218' title='bbox 328 3052 571 3130; x_wconf 84' lang='lat' dir='ltr'>Krumbholzio,</span> <span class='ocrx_word' id='word_1_219' title='bbox 595 3053 680 3135; x_wconf 92' lang='lat' dir='ltr'>quod</span> <span class='ocrx_word' id='word_1_220' title='bbox 705 3055 737 3118; x_wconf 89' lang='lat' dir='ltr'>et</span> <span class='ocrx_word' id='word_1_221' title='bbox 759 3053 881 3117; x_wconf 92' lang='lat' dir='ltr'>notioni</span> <span class='ocrx_word' id='word_1_222' title='bbox 909 3048 1063 3140; x_wconf 45' lang='lat' dir='ltr'>‘labendi‘</span> <span class='ocrx_word' id='word_1_223' title='bbox 1093 3053 1126 3115; x_wconf 91' lang='lat' dir='ltr'>et</span> <span class='ocrx_word' id='word_1_224' title='bbox 1150 3053 1289 3118; x_wconf 83' lang='lat' dir='ltr'>ablativo</span> 
     </span>
     <span class='ocr_line' id='line_1_28' title="bbox 53 3157 1287 3246; baseline 0 -22"><span class='ocrx_word' id='word_1_225' title='bbox 53 3160 137 3224; x_wconf 89' lang='lat' dir='ltr'>satis</span> <span class='ocrx_word' id='word_1_226' title='bbox 161 3157 272 3236; x_wconf 85' lang='lat' dir='ltr'>faciat,</span> <span class='ocrx_word' id='word_1_227' title='bbox 290 3178 412 3240; x_wconf 80' lang='lat' dir='ltr'>prono,</span> <span class='ocrx_word' id='word_1_228' title='bbox 444 3160 558 3224; x_wconf 86' lang='lat' dir='ltr'>collato</span> <span class='ocrx_word' id='word_1_229' title='bbox 581 3161 648 3225; x_wconf 89' lang='lat' dir='ltr'>loco</span> <span class='ocrx_word' id='word_1_230' title='bbox 672 3159 848 3224; x_wconf 86' lang='lat' dir='ltr'>Horatiano</span> <span class='ocrx_word' id='word_1_231' title='bbox 872 3179 897 3223; x_wconf 93' lang='lat' dir='ltr'>c.</span> <span class='ocrx_word' id='word_1_232' title='bbox 920 3158 937 3223; x_wconf 97' lang='lat' dir='ltr'>I</span> <span class='ocrx_word' id='word_1_233' title='bbox 962 3167 1017 3234; x_wconf 81' lang='lat'>29,</span> <span class='ocrx_word' id='word_1_234' title='bbox 1043 3166 1171 3224; x_wconf 79' lang='lat'>10-12</span> <span class='ocrx_word' id='word_1_235' title='bbox 1202 3160 1287 3246; x_wconf 48' lang='lat' dir='ltr'>‘quis</span> 
     </span>
     <span class='ocr_line' id='line_1_29' title="bbox 50 3265 1291 3350; baseline 0.002 -20"><span class='ocrx_word' id='word_1_236' title='bbox 50 3268 155 3348; x_wconf 86' lang='lat' dir='ltr'>neget</span> <span class='ocrx_word' id='word_1_237' title='bbox 185 3265 293 3330; x_wconf 89' lang='lat' dir='ltr'>arduis</span> <span class='ocrx_word' id='word_1_238' title='bbox 321 3285 435 3350; x_wconf 89' lang='lat' dir='ltr'>pronos</span> <span class='ocrx_word' id='word_1_239' title='bbox 466 3267 566 3332; x_wconf 90' lang='lat' dir='ltr'>relabi</span> <span class='ocrx_word' id='word_1_240' title='bbox 596 3285 689 3350; x_wconf 89' lang='lat' dir='ltr'>posse</span> <span class='ocrx_word' id='word_1_241' title='bbox 719 3267 802 3331; x_wconf 84' lang='lat' dir='ltr'>rivos</span> <span class='ocrx_word' id='word_1_242' title='bbox 826 3265 989 3330; x_wconf 91' lang='lat' dir='ltr'>montibus</span> <span class='ocrx_word' id='word_1_243' title='bbox 1020 3267 1053 3330; x_wconf 89' lang='lat' dir='ltr'>et</span> <span class='ocrx_word' id='word_1_244' title='bbox 1076 3266 1216 3332; x_wconf 85' lang='lat' dir='ltr'>Tiberim</span> <span class='ocrx_word' id='word_1_245' title='bbox 1239 3286 1291 3332; x_wconf 89' lang='lat' dir='ltr'>re·</span> 
     </span>
     <span class='ocr_line' id='line_1_30' title="bbox 51 3361 1288 3469; baseline 0.001 -31"><span class='ocrx_word' id='word_1_246' title='bbox 51 3373 155 3449; x_wconf 86' lang='lat' dir='ltr'>verti,</span> <span class='ocrx_word' id='word_1_247' title='bbox 189 3393 262 3438; x_wconf 91' lang='lat' dir='ltr'>cum</span> <span class='ocrx_word' id='word_1_248' title='bbox 287 3422 293 3436; x_wconf 93' lang='lat'>.</span> <span class='ocrx_word' id='word_1_249' title='bbox 318 3361 353 3451; x_wconf 84' lang='lat'>.&#39;,</span> <span class='ocrx_word' id='word_1_250' title='bbox 376 3375 431 3438; x_wconf 91' lang='lat' dir='ltr'>ubi</span> <span class='ocrx_word' id='word_1_251' title='bbox 455 3394 482 3438; x_wconf 86' lang='lat' dir='ltr'>v.</span> <span class='ocrx_word' id='word_1_252' title='bbox 505 3373 679 3455; x_wconf 86' lang='lat' dir='ltr'>Kiessling.</span> <span class='ocrx_word' id='word_1_253' title='bbox 725 3373 805 3437; x_wconf 85' lang='lat' dir='ltr'>Vcol</span> <span class='ocrx_word' id='word_1_254' title='bbox 828 3373 913 3437; x_wconf 90' lang='lat' dir='ltr'>enlm</span> <span class='ocrx_word' id='word_1_255' title='bbox 939 3362 1069 3469; x_wconf 49' lang='lat' dir='ltr'>‘prone&#39;</span> <span class='ocrx_word' id='word_1_256' title='bbox 1094 3392 1158 3437; x_wconf 91' lang='lat' dir='ltr'>non</span> <span class='ocrx_word' id='word_1_257' title='bbox 1181 3375 1288 3439; x_wconf 90' lang='lat' dir='ltr'>minus</span> 
     </span>
     <span class='ocr_line' id='line_1_31' title="bbox 53 3470 1289 3577; baseline 0 -32"><span class='ocrx_word' id='word_1_258' title='bbox 53 3499 236 3562; x_wconf 80' lang='lat' dir='ltr'>congruens</span> <span class='ocrx_word' id='word_1_259' title='bbox 267 3483 317 3545; x_wconf 90' lang='lat' dir='ltr'>est</span> <span class='ocrx_word' id='word_1_260' title='bbox 347 3481 505 3545; x_wconf 89' lang='lat' dir='ltr'>ablativus</span> <span class='ocrx_word' id='word_1_261' title='bbox 537 3500 634 3563; x_wconf 86' lang='lat' dir='ltr'>quam</span> <span class='ocrx_word' id='word_1_262' title='bbox 659 3481 752 3545; x_wconf 87' lang='lat' dir='ltr'>alteri</span> <span class='ocrx_word' id='word_1_263' title='bbox 776 3479 944 3544; x_wconf 88' lang='lat' dir='ltr'>adiunctae</span> <span class='ocrx_word' id='word_1_264' title='bbox 971 3470 1157 3577; x_wconf 53' lang='lat' dir='ltr'>‹labentur&#39;.</span> <span class='ocrx_word' id='word_1_265' title='bbox 1204 3481 1289 3545; x_wconf 90' lang='lat' dir='ltr'>Nam</span> 
     </span>
     <span class='ocr_line' id='line_1_32' title="bbox 54 3573 1289 3684; baseline 0.002 -34"><span class='ocrx_word' id='word_1_266' title='bbox 54 3573 156 3684; x_wconf 41' lang='lat' dir='ltr'>‘labi’</span> <span class='ocrx_word' id='word_1_267' title='bbox 182 3588 260 3651; x_wconf 90' lang='lat' dir='ltr'>satis</span> <span class='ocrx_word' id='word_1_268' title='bbox 277 3587 462 3670; x_wconf 89' lang='lat' dir='ltr'>frequenter</span> <span class='ocrx_word' id='word_1_269' title='bbox 484 3607 558 3652; x_wconf 91' lang='lat' dir='ltr'>cum</span> <span class='ocrx_word' id='word_1_270' title='bbox 575 3588 713 3653; x_wconf 86' lang='lat' dir='ltr'>ablativo</span> <span class='ocrx_word' id='word_1_271' title='bbox 728 3588 872 3678; x_wconf 89' lang='lat' dir='ltr'>iungitur</span> <span class='ocrx_word' id='word_1_272' title='bbox 895 3588 932 3652; x_wconf 87' lang='lat' dir='ltr'>cf.</span> <span class='ocrx_word' id='word_1_273' title='bbox 948 3587 1077 3652; x_wconf 90' lang='lat' dir='ltr'>Hoerlei</span> <span class='ocrx_word' id='word_1_274' title='bbox 1100 3588 1138 3652; x_wconf 88' lang='lat' dir='ltr'>de</span> <span class='ocrx_word' id='word_1_275' title='bbox 1154 3605 1289 3652; x_wconf 86' lang='lat' dir='ltr'>casuum</span> 
     </span>
     <span class='ocr_line' id='line_1_33' title="bbox 51 3693 1290 3778; baseline 0.002 -20"><span class='ocrx_word' id='word_1_276' title='bbox 51 3713 121 3758; x_wconf 91' lang='lat' dir='ltr'>usu</span> <span class='ocrx_word' id='word_1_277' title='bbox 136 3693 344 3778; x_wconf 89' lang='lat' dir='ltr'>Propertlano</span> <span class='ocrx_word' id='word_1_278' title='bbox 368 3695 442 3759; x_wconf 89' lang='lat' dir='ltr'>diss.</span> <span class='ocrx_word' id='word_1_279' title='bbox 458 3695 589 3760; x_wconf 83' lang='lat' dir='ltr'>Helene.</span> <span class='ocrx_word' id='word_1_280' title='bbox 608 3702 691 3761; x_wconf 78' lang='grc'><strong>1887</strong></span> <span class='ocrx_word' id='word_1_281' title='bbox 716 3715 746 3778; x_wconf 88' lang='lat' dir='ltr'>p.</span> <span class='ocrx_word' id='word_1_282' title='bbox 760 3703 856 3778; x_wconf 71' lang='lat' dir='ltr'>disq.</span> <span class='ocrx_word' id='word_1_283' title='bbox 880 3732 921 3742; x_wconf 95' lang='lat'>-</span> <span class='ocrx_word' id='word_1_284' title='bbox 945 3695 1034 3760; x_wconf 90' lang='lat' dir='ltr'>Adde</span> <span class='ocrx_word' id='word_1_285' title='bbox 1057 3694 1091 3758; x_wconf 90' lang='grc' dir='ltr'>Π</span> <span class='ocrx_word' id='word_1_286' title='bbox 1105 3701 1155 3773; x_wconf 84' lang='lat'>15,</span> <span class='ocrx_word' id='word_1_287' title='bbox 1169 3704 1290 3777; x_wconf 86' lang='lat' dir='ltr'>31sqq.</span> 
     </span>
    </p>
   </div>
   <div class='ocr_carea' id='block_1_3' title="bbox 15 3800 987 3884">
    <p class='ocr_par' dir='ltr' id='par_1_9' title="bbox 15 3800 987 3884">
     <span class='ocr_line' id='line_1_34' title="bbox 15 3800 987 3884; baseline -0.002 -17"><span class='ocrx_word' id='word_1_288' title='bbox 15 3881 16 3884; x_wconf 8' lang='grc' dir='ltr'><strong>Ἴ</strong></span> <span class='ocrx_word' id='word_1_289' title='bbox 50 3800 109 3867; x_wconf 91' lang='grc' dir='ltr'>ΙΠ</span> <span class='ocrx_word' id='word_1_290' title='bbox 135 3810 186 3878; x_wconf 87' lang='grc'>19,</span> <span class='ocrx_word' id='word_1_291' title='bbox 210 3807 316 3884; x_wconf 85' lang='lat' dir='ltr'>5sqq,</span> <span class='ocrx_word' id='word_1_292' title='bbox 340 3801 445 3867; x_wconf 81' lang='lat' dir='ltr'>Ouidii</span> <span class='ocrx_word' id='word_1_293' title='bbox 468 3803 552 3865; x_wconf 89' lang='lat' dir='ltr'>trist.</span> <span class='ocrx_word' id='word_1_294' title='bbox 575 3801 592 3866; x_wconf 96' lang='lat' dir='ltr'>I</span> <span class='ocrx_word' id='word_1_295' title='bbox 616 3809 645 3879; x_wconf 86' lang='lat'>8,</span> <span class='ocrx_word' id='word_1_296' title='bbox 672 3812 767 3884; x_wconf 86' lang='lat' dir='ltr'>lsqq.</span> <span class='ocrx_word' id='word_1_297' title='bbox 792 3803 869 3867; x_wconf 87' lang='lat' dir='ltr'>alios</span> <span class='ocrx_word' id='word_1_298' title='bbox 892 3803 987 3866; x_wconf 88' lang='lat' dir='ltr'>locos.</span> 
     </span>
    </p>
   </div>
   <div class='ocr_carea' id='block_1_4' title="bbox 51 3907 1290 4206">
    <p class='ocr_par' dir='ltr' id='par_1_10' title="bbox 51 3907 1290 4206">
     <span class='ocr_line' id='line_1_35' title="bbox 148 3907 1289 3992; baseline 0.002 -21"><span class='ocrx_word' id='word_1_299' title='bbox 148 3907 270 3973; x_wconf 85' lang='lat' dir='ltr'>Eadem</span> <span class='ocrx_word' id='word_1_300' title='bbox 300 3909 406 3975; x_wconf 90' lang='lat' dir='ltr'>subita</span> <span class='ocrx_word' id='word_1_301' title='bbox 432 3909 478 3974; x_wconf 92' lang='lat' dir='ltr'>rei</span> <span class='ocrx_word' id='word_1_302' title='bbox 506 3909 711 3992; x_wconf 88' lang='lat' dir='ltr'>impossibilis</span> <span class='ocrx_word' id='word_1_303' title='bbox 741 3909 934 3974; x_wconf 83' lang='lat' dir='ltr'>introductio</span> <span class='ocrx_word' id='word_1_304' title='bbox 964 3908 1001 3971; x_wconf 89' lang='lat' dir='ltr'>fit</span> <span class='ocrx_word' id='word_1_305' title='bbox 1032 3907 1117 3990; x_wconf 89' lang='lat' dir='ltr'>apud</span> <span class='ocrx_word' id='word_1_306' title='bbox 1142 3907 1289 3987; x_wconf 82' lang='lat' dir='ltr'>Graecos,</span> 
     </span>
     <span class='ocr_line' id='line_1_36' title="bbox 51 4015 1289 4098; baseline 0 -18"><span class='ocrx_word' id='word_1_307' title='bbox 51 4017 97 4080; x_wconf 90' lang='lat' dir='ltr'>ut</span> <span class='ocrx_word' id='word_1_308' title='bbox 121 4016 205 4097; x_wconf 89' lang='lat' dir='ltr'>apud</span> <span class='ocrx_word' id='word_1_309' title='bbox 229 4016 423 4098; x_wconf 83' lang='lat' dir='ltr'>Aeschylum</span> <span class='ocrx_word' id='word_1_310' title='bbox 446 4017 479 4079; x_wconf 95' lang='lat' dir='ltr'>in</span> <span class='ocrx_word' id='word_1_311' title='bbox 501 4017 615 4097; x_wconf 84' lang='lat' dir='ltr'>Agam.</span> <span class='ocrx_word' id='word_1_312' title='bbox 638 4036 667 4080; x_wconf 88' lang='lat' dir='ltr'>v.</span> <span class='ocrx_word' id='word_1_313' title='bbox 692 4023 879 4083; x_wconf 80' lang='lat'>320—325</span> <span class='ocrx_word' id='word_1_314' title='bbox 910 4017 944 4079; x_wconf 90' lang='lat' dir='ltr'>in</span> <span class='ocrx_word' id='word_1_315' title='bbox 967 4015 1219 4098; x_wconf 88' lang='lat' dir='ltr'>comparatione;</span> <span class='ocrx_word' id='word_1_316' title='bbox 1250 4016 1289 4080; x_wconf 86' lang='lat' dir='ltr'>cf.</span> 
     </span>
     <span class='ocr_line' id='line_1_37' title="bbox 51 4121 1290 4206; baseline 0 -18"><span class='ocrx_word' id='word_1_317' title='bbox 51 4121 179 4188; x_wconf 88' lang='lat' dir='ltr'>ibidem</span> <span class='ocrx_word' id='word_1_318' title='bbox 201 4121 379 4200; x_wconf 88' lang='lat' dir='ltr'>Wecklein,</span> <span class='ocrx_word' id='word_1_319' title='bbox 413 4124 468 4205; x_wconf 90' lang='lat' dir='ltr'>qul</span> <span class='ocrx_word' id='word_1_320' title='bbox 498 4122 591 4188; x_wconf 88' lang='lat' dir='ltr'>affert</span> <span class='ocrx_word' id='word_1_321' title='bbox 619 4124 769 4188; x_wconf 90' lang='lat' dir='ltr'>Herodot.</span> <span class='ocrx_word' id='word_1_322' title='bbox 798 4122 828 4185; x_wconf 87' lang='lat' dir='ltr'><strong>V</strong></span> <span class='ocrx_word' id='word_1_323' title='bbox 854 4131 903 4189; x_wconf 83' lang='lat'>92.</span> <span class='ocrx_word' id='word_1_324' title='bbox 948 4123 1038 4187; x_wconf 86' lang='lat' dir='ltr'>Adde</span> <span class='ocrx_word' id='word_1_325' title='bbox 1069 4122 1177 4206; x_wconf 82' lang='lat' dir='ltr'>ilurip.</span> <span class='ocrx_word' id='word_1_326' title='bbox 1205 4123 1290 4188; x_wconf 88' lang='lat' dir='ltr'>Med.</span> 
     </span>
    </p>
   </div>
   <div class='ocr_carea' id='block_1_5' title="bbox 55 4236 249 4311">
    <p class='ocr_par' dir='ltr' id='par_1_11' title="bbox 55 4236 249 4311">
     <span class='ocr_line' id='line_1_38' title="bbox 55 4236 249 4311; baseline -0.021 -15"><span class='ocrx_word' id='word_1_327' title='bbox 55 4251 86 4296; x_wconf 90' lang='lat' dir='ltr'>v.</span> <span class='ocrx_word' id='word_1_328' title='bbox 113 4236 249 4311; x_wconf 86' lang='lat' dir='ltr'>410sq.:</span> 
     </span>
    </p>
   </div>
   <div class='ocr_carea' id='block_1_6' title="bbox 0 0 1472 4742">
    <p class='ocr_par' dir='ltr' id='par_1_12' title="bbox 0 0 1472 4742">
     <span class='ocr_line' id='line_1_39' title="bbox 0 0 1472 4742; baseline 0 3"><span class='ocrx_word' id='word_1_329' title='bbox 0 0 1472 4742; x_wconf 95' lang='lat' dir='ltr'> </span> 
     </span>
    </p>
   </div>
  </div>
 </body>
</html>
