2928 4724
726 159 883 249 Ae„

197 347 282 423 dicit,
314 347 397 428 quod
428 348 455 410 is
479 348 587 411 nullus
602 348 690 419 estc
707 346 785 410 item
809 345 864 426 qui
891 345 1080 440 ‘ablativum
1103 335 1176 410 loci’
1204 346 1334 423 statuit,
1357 365 1410 410 nor
1453 388 1454 426 ;

196 454 303 518 minus
326 455 475 535 nugatur.
520 453 619 516 Estne
643 453 670 515 is
694 451 790 527 locus,
815 469 877 532 quo
895 451 1015 532 aliquid
1038 451 1193 532 derigitur
1217 471 1257 516 an
1281 453 1336 518 ubi
1351 471 1411 517 ver·
1453 443 1454 530 ᾗ

197 562 287 624 satur
318 579 359 624 an
388 579 444 643 per
474 578 569 641 quem
600 559 726 640 agitur?
779 557 977 639 Omninoque
1008 559 1069 622 etsi
1099 547 1293 654 ‘ablativus'
1326 579 1409 624 casus
1453 603 1454 606 κ

196 667 296 731 trium
334 685 466 732 casuum
502 667 586 730 vices
623 667 730 729 tenere
765 665 859 746 vulgo
895 664 1010 729 dicitur
1047 664 1085 728 cf.
1118 665 1276 746 Draeger,
1310 665 1409 729 histor

198 770 324 854 sperae
357 773 413 836 der
448 771 501 836 lar.
532 770 604 852 Sps.
639 771 680 834 Ι2
714 791 744 854 p.
773 777 891 851 494sq.
952 771 1122 848 Kuehuer,
1157 772 1240 852 ausf.
1275 770 1409 836 Gramen.
1453 814 1454 852 3

196 879 253 943 der
276 878 329 943 lot.
354 876 433 958 spe..
450 879 484 942 Π
519 899 548 962 p.
573 884 707 959 tttsq„
736 879 845 942 tamen
876 864 1037 973 ‘ablativi’
1073 878 1191 961 proprii
1222 881 1254 942 et
1288 879 1411 974 tinstru-

169 973 372 1063 -mentalis',
407 985 462 1066 qui
492 987 624 1050 barbare
657 985 788 1061 dicitur,
828 987 860 1048 et
893 973 1042 1080 (localis,
1077 985 1133 1066 qui
1161 985 1241 1050 falso
1277 987 1409 1067 itemque

195 1093 327 1157 barbare
367 1079 551 1187 (locativus'
576 1091 776 1168 nominatur,
806 1090 930 1155 ordines
954 1092 987 1154 ct
1010 1091 1127 1172 gradus
1158 1111 1266 1168 nemo,
1296 1112 1337 1156 ne
1364 1093 1410 1156 ille

197 1199 326 1281 quidem
357 1199 412 1280 qui
441 1199 583 1281 syntaxis
614 1199 732 1262 latinae
761 1197 929 1261 historiam
958 1197 1120 1280 professus
1145 1199 1208 1274 est,
1243 1199 1290 1262 ita
1312 1218 1412 1282 perse·
1446 1244 1452 1313 Ι

196 1307 291 1370 cutus
315 1307 373 1381 est,
395 1306 433 1368 ut
455 1305 535 1369 haec
557 1305 620 1368 tria
642 1323 720 1368 usus
745 1322 860 1385 genera
883 1323 939 1386 per
963 1323 1071 1368 omnes
1094 1306 1201 1386 partes
1225 1305 1411 1388 exipsorum
1450 1324 1454 1376 J

195 1412 314 1494 origine
339 1415 372 1476 et
394 1412 498 1476 indole
523 1412 638 1476 acriter
661 1410 872 1492 distingueret
895 1411 927 1474 ct
949 1411 1088 1474 variatas
1113 1411 1266 1492 cuiusque
1295 1413 1410 1493 generis
1450 1409 1452 1432 ²

197 1519 316 1600 species
339 1519 424 1583 recte
447 1518 531 1582 inter
554 1536 587 1581 se
612 1518 805 1591 conecteret3
830 1517 926 1581 immo
950 1517 1173 1580 distrahuntur
1196 1519 1291 1599 vulgo
1315 1537 1412 1600 gram·

195 1625 400 1688 matistarum
416 1623 563 1688 violentis
582 1611 732 1719 ‘regulis‘
757 1641 802 1699 ea,
826 1642 907 1704 quae
934 1625 1050 1687 natura
1066 1642 1125 1687 sua
1149 1626 1217 1688 arte
1242 1626 1411 1690 cohaerent.
1453 1695 1454 1698 Ἴ

198 1729 282 1794 Satis
307 1733 378 1813 apte
403 1731 471 1795 eius
495 1748 587 1794 casus
610 1729 749 1794 rationes
772 1731 960 1812 persecutus
984 1732 1033 1793 est
1050 1729 1228 1794 Guilelmus
1243 1731 1367 1795 llbrard
1384 1733 1412 1794 in
1448 1776 1454 1810 =1

195 1837 430 1914 dissertatione,
466 1855 546 1918 quae
578 1838 627 1900 est
655 1834 694 1900 de
725 1835 855 1900 ablativi
884 1835 1012 1900 locativi
1040 1836 1296 1901 instrumentalis
1334 1837 1410 1921 apud

195 1944 314 2026 priscos
345 1945 512 2026 scriptores
541 1943 657 2006 latinos
688 1959 763 2018 usu,
807 1949 890 2007 1879
923 1942 957 2004 in
992 1942 1094 2025 suppl.
1125 1944 1229 2006 annal.
1258 1944 1411 2026 philolX
1451 1928 1454 2020 J

196 2071 226 2133 p.
249 2057 436 2116 sat-sor
469 2050 590 2112 inserta
618 2048 764 2131 inprimis
788 2047 826 2110 B.
849 2048 1051 2112 Delbrucolrii
1075 2051 1256 2132 exemplum
1279 2055 1410 2126 secutus,
1448 2094 1454 2138 ‚y

197 2157 252 2220 sed
276 2159 346 2220 tum
371 2155 499 2238 quidem
521 2156 731 2238 proprietates
756 2154 913 2237 quaedam
936 2155 1004 2220 eius
1035 2175 1114 2220 usus
1137 2175 1200 2220 non
1224 2159 1303 2222 satis
1325 2159 1412 2222 intel·
1447 2186 1451 2226 ·,

197 2263 297 2328 lectae
321 2263 485 2344 neglectae
510 2265 594 2326 sunt.
634 2261 749 2326 Studui
771 2281 873 2344 nuper
895 2263 962 2345 ipse
987 2281 1039 2327 eas
1063 2282 1141 2327 usus
1165 2263 1366 2329 diversitates
1382 2284 1412 2328 ao
1452 2309 1454 2348 j

195 2370 382 2445 varietates,
414 2371 451 2432 ut
482 2371 630 2432 constans
661 2369 728 2432 eius
752 2369 936 2451 disciplinae
966 2370 1046 2433 ratio
1078 2371 1177 2447 esset,
1208 2372 1248 2435 ad
1271 2373 1411 2436 nativum
1450 2415 1454 2458 3

197 2495 291 2540 suum
314 2475 457 2540 ordinem
472 2474 614 2556 redigere
637 2475 671 2539 in
687 2476 813 2558 syntaxi
836 2476 937 2540 latina
960 2478 977 2557 g
999 2483 1124 2558 losqq„
1148 2477 1203 2541 ubi
1217 2477 1412 2544 Dclbrueclrii
1450 2545 1454 2556 ,y

195 2582 333 2646 rationes
357 2599 384 2645 a.
410 2589 493 2646 1867
518 2581 695 2664 propositas
718 2582 765 2645 ita
789 2583 916 2646 secutus
941 2601 1021 2656 sum,
1050 2585 1088 2646 ut
1110 2584 1279 2648 nonnullas
1308 2603 1412 2649 earum
1450 2577 1454 2668 J

198 2687 249 2752 vel
272 2688 453 2771 supplerem
476 2689 526 2752 vel
548 2689 771 2762 immutarem3
806 2689 915 2752 tamen
937 2691 1066 2772 propter
1089 2709 1150 2767 eos,
1175 2709 1311 2771 quorum
1334 2711 1411 2756 com·
1453 2769 1454 2772 Ἴ

195 2794 287 2859 modo
317 2795 345 2858 is
375 2794 501 2858 libellus
534 2794 712 2858 destinatus
737 2797 803 2871 est,
835 2794 961 2876 singula
991 2814 1069 2860 usus
1099 2815 1216 2877 genera
1241 2797 1411 2880 significari
1452 2791 1454 2866 ἒ

196 2903 334 2978 tentum,
366 2900 421 2965 sed
445 2901 542 2965 etiam
565 2920 650 2965 nuno
680 2903 753 2982 post
775 2901 800 2963 I.
823 2900 863 2965 H.
889 2899 1058 2965 Schmalzii
1080 2903 1233 2967 rationes.
1251 2902 1289 2968 de
1318 2905 1412 3000 tabla·
1450 2942 1452 2953 ·

194 2995 267 3072 tivi'
300 3010 417 3072 nature
446 3008 614 3072 institutas
638 3025 783 3070 mearum
806 3008 965 3072 rationum
993 3026 1044 3072 me
1066 3026 1130 3073 non
1152 3010 1308 3092 paenitet,
1337 3029 1412 3093 quae
1452 3055 1453 3058 ,

195 3115 228 3176 in
257 3114 368 3178 libelli*
381 3114 561 3179 scholastici
594 3114 750 3196 angustiis
775 3117 808 3177 et
831 3115 1022 3178 obscuritate
1046 3114 1171 3180 facilius
1194 3117 1298 3180 latent
1322 3136 1412 3199 quam

194 3222 315 3302 patent.

283 3330 329 3394 Ac
353 3327 451 3390 totius
483 3326 550 3392 eius
581 3327 743 3391 doctrinae
773 3346 857 3391 unus
881 3327 996 3408 aliquis
1028 3345 1115 3391 error
1136 3327 1292 3392 latissime
1318 3329 1413 3394 divul-

196 3434 291 3516 gatus
314 3433 349 3498 in
372 3432 441 3496 aius
465 3449 558 3496 casus
582 3433 744 3516 principiis
771 3434 962 3516 explicandis
985 3437 1140 3512 versatur,
1165 3453 1259 3515 quem
1286 3434 1413 3531 tinstru-

195 3527 384 3605 mentalcm'
411 3539 534 3603 vocant.
578 3538 626 3604 Ut
648 3539 742 3604 Riese
765 3540 799 3603 in
823 3538 989 3604 Catullio.
1011 3539 1106 3604 XVII
1131 3548 1149 3606 9

351 3643 406 3708 Iro
424 3645 637 3726 praecipitem
658 3645 696 3708 a'c
720 3643 821 3708 lutum
845 3666 908 3726 pec·
930 3651 1086 3727 caputque
1106 3645 1262 3728 pedesque

198 3753 235 3816 de
265 3753 426 3817 rarissimo
462 3753 567 3818 nescio
599 3772 660 3834 quo
689 3753 932 3836 praepositionis
962 3773 1024 3833 per
1057 3742 1324 3850 ‹instrumentali'
1356 3775 1412 3820 usu

197 3858 335 3940 cogitat3
360 3876 458 3939 quam
479 3860 544 3924 rim
575 3847 661 3954 ‘per‘
686 3879 745 3924 nec
767 3861 884 3925 habuit.
903 3879 1057 3941 umquam
1074 3879 1139 3926 nec
1159 3861 1212 3926 hic
1234 3862 1341 3939 habet,
1363 3861 1413 3927 ubi

198 4001 239 4014 --
264 3983 339 4029 nam
361 3964 395 4028 in
418 3971 517 4029 unam
545 3965 611 4030 iere
643 3966 807 4032 notionem
832 3967 1012 4032 coalescunt
1038 3969 1211 4064 ‘caputque
1241 3955 1410 4051 pedesque'

197 4073 282 4136 siout
309 4071 447 4136 actiones
472 4073 641 4137 verborum
672 4073 705 4136 in
728 4072 758 4135 V
782 4080 820 4136 4:
854 4074 950 4168 tsoles
981 4074 1121 4139 occidere
1152 4076 1185 4139 ct
1214 4075 1316 4140 redire
1343 4094 1413 4159 pos-

197 4164 288 4246 sunt'
315 4211 357 4223 -
381 4177 419 4242 do
439 4180 519 4262 toto
543 4197 671 4261 corpore
696 4177 828 4255 dicitur,
848 4181 895 4262 ¹ut
925 4180 963 4244 dc
987 4179 1096 4264 Sipylo
1120 4181 1240 4264 sagitta
1266 4182 1413 4248 transfixo
