2934 4742
591 207 750 299 Q

57 395 187 478 imperio
212 393 415 478 Septumium
438 414 535 477 seque
560 413 685 478 semper
707 396 778 459 vult
807 415 876 462 esse
906 397 1050 464 subditos
1073 403 1186 480 Aemo,
1215 404 1284 487 ipse

56 504 163 580 Amor,
185 502 219 566 in
242 502 333 566 euius
357 503 500 566 statuam
523 502 603 567 forte
628 504 790 568 astantem
812 504 946 586 loquens
977 505 1056 571 illud
1087 509 1208 586 „huie“
1238 511 1285 575 di-

57 609 159 690 gitum
190 627 227 672 ea
256 608 383 673 ridetur
411 597 602 673 intendisse’
651 609 731 673 Mihi
767 610 829 692 ipsi
857 610 937 676 haee
966 612 1188 696 interpretatio
1220 636 1284 682 non

57 716 161 780 solnm
184 717 271 780 serta
294 715 428 792 videtur,
452 715 506 781 sed
532 716 629 780 etiam
653 734 698 793 ea,
723 734 786 797 qna
809 735 875 781 una
897 718 1001 782 verbis
1026 719 1067 803 (v.
1093 720 1164 804 14):

344 819 435 885 Heio
456 821 517 884 uui
540 821 667 885 domiao
689 839 789 902 aesque
812 823 993 886 serviamus

56 947 115 993 sua
138 929 186 994 vis
210 928 370 993 reddatur.
414 928 556 994 Posount
579 929 663 992 enim
685 928 782 1006 haee,
805 931 843 993 ut
867 932 1011 996 amantes
1035 934 1185 999 Amorem
1208 938 1283 1002 ante

55 1054 88 1099 se
112 1035 212 1099 oeulis
236 1035 418 1118 adspexisse
447 1036 607 1118 putemus.
659 1035 760 1099 Adest
788 1036 887 1117 igitur
917 1038 1125 1104 simulacrum
1155 1042 1283 1124 aliquod

53 1143 191 1219 Amoris,
215 1143 270 1224 qui
292 1142 343 1206 vel
371 1141 546 1206 sternuisse
576 1140 708 1222 fingitur
736 1143 787 1206 vel
817 1145 986 1208 stemnens
1016 1150 1283 1228 repraesentatur.
1344 1217 1347 1224 ,

54 1248 282 1314 Sternuentem
306 1249 414 1312 autem
436 1250 587 1313 Amorem
609 1248 815 1313 Alexandrini
836 1252 949 1332 poetae
978 1254 1107 1330 norant,
1136 1258 1173 1318 nt
1201 1256 1283 1320 indi-

53 1358 131 1420 oant
153 1355 213 1420 looi
236 1374 252 1419 e
276 1355 442 1419 Theocrito
467 1356 499 1420 et
523 1373 539 1418 e
562 1353 728 1436 Propertio
753 1374 771 1418 a
793 1335 907 1421 Rieseo
932 1357 1030 1421 allati.

143 1462 227 1526 Hine
250 1465 287 1526 nt
317 1461 385 1525 eius
415 1462 578 1525 simulacri
606 1462 694 1525 loeus
724 1461 920 1543 significetur
956 1466 989 1527 et
1026 1468 1063 1529 nt
1091 1485 1186 1550 pares
1217 1468 1283 1534 sint

52 1569 149 1633 alteri
171 1568 280 1633 alteris
303 1568 447 1632 versibus
473 1569 517 1632 sio
540 1568 709 1649 utrobique
734 1568 937 1634 seribendum
961 1589 1031 1636 esse
1056 1574 1213 1656 suspioor:

232 1674 303 1739 Hoc
325 1679 361 1738 at
384 1673 475 1752 daea,
500 1673 602 1738 Amor
623 1674 767 1738 sinistro
791 1674 837 1738 ab
861 1680 935 1740 aete

234 1779 405 1846 Dextram
428 1780 566 1845 sternuit
588 1780 868 1861 approbationem.

50 1890 178 1955 Nonius
202 1889 287 1953 enim
308 1908 338 1971 p.
369 1895 411 1954 30
434 1887 478 1952 M.
507 1887 587 1952 haee
615 1889 762 1970 praebet:
790 1889 917 1983 ‘antes
941 1891 1018 1953 sunt
1048 1889 1281 1971 quadraturae;

48 1996 138 2062 unde
162 1997 196 2060 et
218 1998 337 2060 antae
362 1995 465 2060 dietae
489 1997 566 2059 sunt
590 1995 730 2077 quadrae
747 1984 941 2073 columnae',
965 2015 1039 2060 oum
1055 1995 1147 2062 affert
1161 1997 1282 2081 Vergil.

49 2103 167 2184 Georg.
189 2102 224 2166 H
247 2110 328 2169 417:

230 2207 306 2272 Iam
327 2207 417 2272 eaait
437 2206 559 2287 effectos
581 2211 740 2272 extremus
761 2207 882 2271 vinitor
905 2211 995 2272 autes

48 2317 101 2381 oui
127 2316 233 2381 versui
255 2317 289 2380 in
313 2314 473 2380 Servianis
497 2315 625 2379 scholiis
648 2316 728 2379 haee
751 2316 971 2398 apponuntur:
998 2319 1047 2413 tet
1070 2318 1209 2394 „antes“
1226 2318 1281 2384 alii

48 2425 210 2488 extremos
232 2423 398 2487 vinearum
421 2421 546 2486 ordines
570 2422 745 2504 ascipiunt,
769 2422 823 2486 alii
845 2423 1010 2500 macerias,
1034 2423 1149 2505 quibus
1172 2424 1282 2490 vineta

47 2515 253 2607 eluduntur’,
276 2529 388 2594 deinde
417 2529 607 2611 etymologia
636 2529 841 2612 proponitur,
870 2531 1030 2612 postremo
1059 2530 1139 2594 haee
1170 2530 1282 2596 adiun-

46 2639 173 2720 guntur
199 2639 243 2732 <et
266 2633 376 2700 aliter:
403 2633 481 2699 Cato
505 2634 542 2698 de
570 2654 604 2698 re
631 2633 770 2698 militari
797 2634 957 2715 pedites
987 2638 1183 2715 quattuor
1212 2657 1280 2720 ap·

45 2740 247 2820 oniaibas,
271 2741 428 2822 equites
451 2740 603 2805 duobos
626 2740 793 2805 aatitas
816 2740 942 2806 uaeas
971 2741 1015 2824 [p.
1046 2748 1104 2818 81,
1137 2751 1176 2808 16
1208 2743 1281 2808 Jor-

46 2850 140 2932 danJ.
175 2851 251 2912 saut
279 2852 383 2912 autem
418 2851 576 2912 extremae
605 2847 807 2929 quadrarum
830 2835 963 2927 partea’
1012 2847 1115 2930 (Thilo
1145 2868 1176 2930 p.
1207 2858 1280 2928 257,

47 2963 215 3033 16-258,
240 2955 281 3039 2).
327 2954 448 3019 Paulus
471 2955 558 3019 Festi
581 2955 661 3020 haee
683 2954 781 3018 habet
803 2974 833 3037 p.
854 2963 915 3032 16,
946 2960 1005 3018 15:
1037 2956 1172 3050 tantes
1203 2956 1280 3020 sunt

45 3063 185 3129 extremi
196 3062 321 3127 ordines
333 3063 506 3126 vinearum.
541 3061 634 3127 Unde
652 3061 750 3125 etiam
762 3079 879 3125 nomen
892 3060 1027 3124 trahunt
1041 3062 1181 3138 antae,
1196 3079 1277 3142 quae

45 3171 128 3235 sunt
151 3170 254 3233 latera
277 3156 448 3233 ostiorum'
486 3167 574 3232 Adde
594 3168 736 3262 tAntes
752 3187 857 3247 στιχοι
874 3153 1048 3248 αμπελων’
1074 3165 1165 3250 Corp.
1182 3168 1278 3249 gloss.

43 3278 81 3342 H
105 3296 137 3359 p.
163 3283 214 3354 18,
239 3284 279 3342 29
304 3277 337 3340 et
362 3279 516 3372 (Στιχοι
541 3272 735 3356 αμπελων
759 3260 864 3338 antes'
891 3274 911 3337 l.
935 3291 962 3337 o.
984 3293 1014 3356 p.
1039 3280 1113 3351 438,
1138 3280 1167 3339 6.
1214 3274 1278 3340 Sed

43 3401 161 3450 versus
189 3381 366 3464 Vergiliani
401 3381 544 3446 eiusdem
579 3380 652 3445 libri
690 3387 829 3462 275sqq.
865 3379 1039 3446 ostendunt
1076 3381 1158 3445 vites
1189 3382 1278 3446 satas

42 3490 149 3564 fnisse
175 3489 225 3585 ‘ut
249 3507 341 3571 saepe
365 3489 487 3570 ingenti
509 3488 591 3553 bede
623 3506 695 3553 eum
718 3487 814 3569 longa
837 3488 982 3552 cohortes
1014 3486 1165 3570 explieuit
1187 3488 1278 3570 legio,

44 3599 80 3662 et
105 3614 217 3678 eampo
241 3596 332 3659 stetit
356 3614 470 3678 agmen
494 3582 618 3678 aperto'
651 3595 692 3679 (v.
724 3602 787 3659 279
797 3594 856 3677 sq.)
885 3595 905 3658 i.
936 3613 962 3659 e.
992 3595 1026 3658 in
1056 3594 1277 3677 quineunoem,

44 3702 134 3787 quod
157 3701 310 3766 Varronis
335 3704 440 3768 aetate
469 3702 627 3766 usitatum
655 3701 753 3766 luisse
777 3720 814 3766 ea
846 3719 927 3783 quae
959 3719 1067 3766 rernm
1095 3702 1175 3764 rust.
1207 3699 1279 3778 17,

45 3817 137 3877 2-4
162 3808 315 3874 dotentur
338 3810 487 3892 arguunt.
531 3808 629 3873 Porro
654 3810 817 3874 structura
840 3826 951 3872 versus
979 3815 1043 3872 417
1075 3825 1113 3870 ea
1145 3808 1211 3884 est,
1241 3810 1278 3872 ut

42 3917 165 3983 vinitor
193 3916 249 3980 ubi
286 3916 325 3981 ad
359 3916 456 3981 finem
485 3915 612 3980 devenit
643 3915 698 3999 (=
730 3901 937 4011 ‘extremus’)
968 3912 1108 3978 oanendo
1137 3912 1278 3978 indicare

44 4025 175 4090 dicatur
199 4020 327 4086 effaetas
358 4041 433 4087 esse·
459 4040 568 4088 ornnes
600 4024 700 4086 antes.
751 4021 836 4085 Nam
866 4023 916 4085 est
946 4019 1146 4086 aecusativus
1174 4037 1212 4083 ex
1242 4037 1279 4084 eo

44 4149 180 4216 genere,
204 4130 288 4212 quod
314 4130 445 4226 tinterni
475 4119 601 4195 obieoti’
635 4129 776 4193 vocatur.
830 4125 893 4191 Sed
922 4127 975 4209 qui
1006 4125 1074 4190 eius
1105 4124 1279 4189 aeousativi

42 4241 199 4304 naturam
221 4255 285 4301 non
307 4236 545 4313 intellexerunt,
572 4223 690 4331 ‘antes'
717 4234 755 4298 de
780 4233 929 4298 extremis
959 4233 1088 4297 tantum
1111 4231 1278 4296 vinearum

1005 4336 1065 4392 10*
