2934 4742
742 203 899 291 *oa-

207 407 344 469 quarum
367 389 423 451 illa
445 388 524 452 item
548 390 587 454 ab
610 407 675 452 una
698 407 736 452 en
758 389 882 471 puellis,
905 389 985 452 haee
1008 389 1048 453 ab
1064 407 1127 452 uno
1144 406 1160 452 e
1176 387 1348 452 iuvenibus
1365 405 1429 450 ean·

206 493 362 558 tatur-
386 494 500 558 dixeris
524 495 611 558 ehori
634 495 729 559 duees
753 496 818 559 sive
835 496 1028 577 coryphaeos
1052 529 1104 571 -,
1129 493 1212 576 quod
1229 494 1428 576 stropharum

206 619 265 683 par
294 601 463 683 ephymnio
493 601 654 665 eommuni
682 601 851 683 utriusque
884 602 971 666 ehori
1000 601 1119 665 finitur.
1172 600 1256 664 Nam
1288 619 1428 682 quaeque

207 708 290 772 aetio
301 707 334 771 in
350 709 493 772 versibus
513 717 607 784 1-4,
625 716 720 784 6—-9,
739 717 868 774 11-18
886 709 1047 788 utrimque
1065 707 1243 789 aequaliter
1259 707 1428 786 eodemque

205 814 299 878 modo
324 813 436 878 effeota
458 833 521 878 non
545 815 623 878 sinit
644 815 725 878 haee
748 816 925 896 systemata
948 815 1116 879 chororum
1140 816 1296 878 conuentu
1329 814 1430 894 aliquo

205 922 369 1003 perrumpi
392 924 449 984 aut
472 921 620 1003 separari.

295 1027 419 1109 Epodos
444 1030 528 1091 esset
550 1028 629 1091 haee
652 1028 748 1092 tertia
771 1047 844 1110 pars
868 1027 1009 1092 vooanda
1032 1027 1083 1108 (ef.
1106 1027 1156 1090 W.
1169 1026 1278 1091 Christ
1292 1025 1430 1090 Matris*

204 1153 235 1216 p.
260 1141 323 1199 654
348 1136 381 1197 et
405 1133 442 1198 G.
465 1134 630 1198 Hermann
655 1135 692 1198 el.
716 1135 745 1198 d.
768 1154 810 1198 m.
833 1155 863 1217 p.
888 1135 981 1217 725),
1012 1135 1074 1198 nisi
1103 1135 1301 1216 hymenaeus
1335 1135 1430 1196 alteru

111 1314 115 1320 ⁸
206 1240 305 1322 epodo
338 1239 480 1304 eiusdem
511 1259 681 1304 mensurae
719 1241 937 1305 clauderetur:
973 1243 1024 1304 est
1059 1241 1157 1321 igitur
1185 1243 1290 1304 totum
1322 1259 1430 1322 poema

205 1347 328 1429 epodiei
351 1347 491 1428 generis,
516 1347 571 1410 sed
595 1365 632 1410 en
661 1347 699 1410 iis
731 1366 812 1428 quae
841 1347 1049 1432 πολινιμδικὰ
1077 1347 1294 1429 appellantur,
1324 1344 1360 1411 ἐν
1388 1335 1430 1422 οἷς

204 1453 248 1516 σοὶ
270 1450 330 1534 μὲν
352 1449 543 1537 περιέχοντα
566 1451 718 1539 ἀλλήλοις
741 1451 829 1517 ἐστὶν
851 1453 966 1535 ὅμοια,
990 1451 1127 1534 ἀνόμοια
1157 1450 1194 1516 δὲ
1222 1455 1293 1528 τοῖς
1323 1475 1429 1538 περιε-

203 1556 359 1640 χομένοις,
386 1562 421 1622 ut
444 1559 660 1641 Hephaestion
684 1557 761 1645 περὶ
784 1560 969 1646 ποιήματος
992 1579 1017 1624 o.
1038 1568 1059 1624 4
1084 1559 1226 1642 erponit;
1249 1578 1330 1624 nam
1355 1577 1429 1641 quae

205 1667 252 1730 ibi
275 1667 532 1747 subsequuntur:
556 1667 598 1730 τὰ
627 1664 663 1730 δὲ
693 1666 904 1751 περιεχόμενα
934 1665 1086 1753 ἀλλήλοις
1115 1663 1175 1748 μὲν
1205 1664 1304 1747 ὅμοιά
1339 1664 1429 1744 ἐστιν,

206 1770 343 1855 ἀνόμοια
366 1770 403 1836 δὲ
425 1775 494 1849 τοῖς
510 1770 704 1857 περιέχουσι,
729 1791 766 1838 ea
782 1773 947 1838 exoludera
962 1792 1027 1837 non
1041 1776 1177 1855 possunt
1192 1791 1230 1836 ex
1244 1773 1300 1836 illo
1319 1791 1428 1854 genere

205 1881 284 1944 talia
307 1879 524 1964 παλινιμδικά,
547 1881 581 1942 in
604 1881 719 1960 quibus
744 1881 950 1962 stropharum
973 1879 1136 1962 complura
1165 1879 1255 1962 paria
1284 1879 1374 1944 inter
1401 1897 1429 1940 se

204 1987 386 2068 inaequalia
410 1989 486 2050 sunt
509 1987 695 2068 diversoque
720 1989 851 2063 ambitu,
874 1987 958 2052 siout
980 1988 1014 2050 in
1041 1987 1101 2050 hoe
1125 1986 1317 2051 Catulliamo.
1368 1985 1431 2049 Sin·

206 2094 326 2175 gularis
350 2094 435 2157 enim
459 2094 526 2157 eius
551 2093 658 2173 ahqua
681 2113 763 2175 pars,
788 2113 868 2174 quae
891 2093 1030 2175 propriis·
1056 2111 1240 2156 mensurae·
1255 2093 1430 2156 rationibus

206 2202 332 2263 oonstat
363 2203 396 2262 et
427 2199 533 2281 epodis
562 2200 647 2262 inter
681 2219 715 2263 se
744 2201 874 2282 paribus
901 2199 1089 2276 includitur,
1122 2202 1172 2262 est
1202 2185 1428 2294 ‘hymenaeus’

206 2306 333 2388 proprie
357 2306 518 2369 dicendus.
561 2293 730 2390 Ἐπιμδικὰ
760 2303 797 2369 de'
828 2303 916 2369 ἐστιν
945 2303 979 2370 ἐν
1008 2295 1056 2382 οἷς
1079 2305 1280 2392 συστήμασιν
1308 2302 1432 2387 ὁμοίοις

207 2410 360 2493 ἀνόμοιόν
381 2435 415 2474 τι
438 2406 649 2498 ἐπιφέρεται,
682 2414 719 2475 ut
749 2413 795 2475 ait
824 2412 927 2495 Heph.
955 2412 975 2475 l.
1005 2432 1045 2489 a,
1076 2415 1114 2476 ut
1143 2415 1228 2476 recte
1259 2414 1293 2476 et
1323 2431 1430 2476 versus

208 2525 337 2582 11-19
363 2519 395 2581 et
419 2525 549 2583 59—66
575 2537 649 2582 eum
672 2537 766 2582 versu
791 2520 864 2582 ante
887 2539 916 2582 v.
941 2526 982 2584 59
1013 2519 1129 2582 amisso
1160 2519 1282 2600 epodiei
1309 2519 1432 2600 generis

206 2643 275 2688 esse
299 2625 453 2689 dieantur.

294 2732 499 2814 Hymenaeus
524 2733 633 2796 autem
657 2751 673 2795 e
696 2732 798 2795 tribus
822 2733 1027 2814 stropharum
1048 2733 1179 2814 paribus
1195 2734 1333 2808 eonstat,
1360 2750 1432 2812 quo·

205 2859 278 2902 rum
301 2840 441 2921 primum
464 2857 627 2915 senorum,
658 2839 796 2902 alterum
828 2843 1045 2920 septenorum,
1073 2840 1204 2903 tertium
1232 2838 1431 2902 undenorum

204 2965 356 3010 versuum
380 2945 518 3027 strophis
542 2947 676 3022 eonetat,
701 2963 782 3025 quae
807 2945 985 3028 ephymniis
1013 2946 1185 3009 terminata
1215 2963 1234 3007 a
1260 2945 1380 3026 puellis
1404 2947 1432 3007 et

204 3053 372 3116 iuvenibus
396 3053 536 3116 vieissim
559 3055 645 3116 eerto
663 3053 771 3115 ordine
788 3055 958 3116 oanuntur.
995 3052 1057 3116 Sed
1074 3052 1135 3116 etsi
1150 3051 1265 3114 horum
1281 3070 1431 3115 versuum

204 3178 367 3235 numerus,
393 3160 420 3221 si
443 3159 482 3222 ab
507 3159 685 3240 ephymniis
716 3159 914 3235 disoesseris‚
944 3159 1064 3222 binario
1094 3177 1227 3222 numero
1255 3158 1357 3222 dividi
1387 3159 1431 3222 vel

204 3266 311 3347 potius
335 3265 452 3346 singuli
474 3265 534 3328 heo
556 3265 683 3328 modulo
713 3264 849 3328 dimensi
877 3266 911 3327 in
939 3265 1098 3328 binarium
1127 3283 1300 3328 numerum
1331 3265 1431 3347 primo

206 3477 341 3542 selentia
365 3496 384 3539 a
406 3477 515 3540 limine
538 3478 697 3541 reicienda
721 3481 779 3554 est,
803 3497 866 3558 qua
891 3479 978 3559 quie,
1008 3497 1081 3541 eum
1110 3479 1142 3540 et
1170 3477 1210 3540 ad
1241 3495 1356 3541 sensus
1386 3496 1432 3540 eo·

204 3602 321 3648 nexum
346 3587 379 3646 et
403 3584 442 3646 ad
467 3585 699 3648 sententiarum
730 3585 814 3648 inter
845 3603 878 3648 se
908 3585 1140 3648 contrariarum
1170 3585 1431 3664 aequabilitatem

204 3691 238 3753 in
262 3691 394 3772 stropha
418 3692 450 3753 et
465 3691 498 3752 in
515 3691 713 3773 antistropha
728 3691 832 3773 prima
851 3692 931 3754 nihil
954 3692 1046 3768 desit,
1069 3691 1234 3756 Catullum
1258 3691 1432 3755 enuntiatis

205 3797 271 3861 sive
296 3796 457 3879 ampliatis
481 3797 546 3861 sive
569 3798 719 3861 breviatis
743 3798 902 3861 binarium
925 3817 1078 3862 versuum
1103 3817 1274 3861 numerum
1306 3799 1341 3862 in
1364 3799 1431 3862 imi·

204 3905 324 3968 tatione
349 3923 409 3968 sua
431 3923 493 3968 non
518 3922 660 3967 servasse
684 3905 867 3967 hariolatur.

295 4011 417 4076 Verum
451 4010 532 4073 nihil
568 4011 629 4074 hae
660 4011 863 4092 dispositione
896 4012 936 4074 ad
967 4031 1115 4075 seaenam
1143 4013 1176 4074 et
1206 4016 1431 4092 argumentum

205 4118 311 4200 aptius
341 4120 398 4182 est.
444 4117 483 4180 In
513 4117 672 4199 prooemio
705 4117 789 4197 quod
819 4121 951 4182 voeatur
978 4119 998 4181 i.
1027 4138 1052 4182 e.
1082 4119 1115 4181 in
1146 4118 1288 4182 versibus
1325 4125 1429 4182 1-19

204 4223 311 4305 ipsum
335 4224 470 4286 duorum
495 4224 662 4287 chororum
686 4227 847 4288 eertamen
876 4228 1016 4307 paratur.
1063 4226 1147 4289 Nam
1176 4244 1248 4289 oum
1278 4225 1313 4288 in
1343 4227 1430 4289 initio
