2934 4742
698 197 858 290 Q

168 393 333 459 Catullum
355 389 559 474 proprietatis
582 387 702 452 virtute
735 387 767 450 et
790 386 823 450 in
846 387 941 451 rebus
966 387 999 450 et
1021 385 1055 449 in
1077 385 1220 450 oratione
1245 387 1400 452 expellere

169 499 298 566 eonoedi
327 498 435 574 debet,
470 497 555 560 oerte
587 493 775 559 fatebuntur
805 494 995 576 interpretes
1026 493 1078 557 hio
1111 510 1238 574 quoque
1261 491 1309 579 [ex
1330 494 1401 558 eius

167 606 273 690 poesis
304 601 534 670 eonsuetudine
566 599 794 684 suspieandum
825 617 894 664 esse
917 601 1045 682 poetam
1069 599 1234 683 proprium
1257 600 1399 680 aliquem

169 713 310 777 dolorem
332 711 382 774 his
405 709 510 774 verbis
526 707 693 772 inclusisse
718 725 755 770 ao
776 706 884 788 potius
909 706 1047 771 amioum
1071 708 1161 770 etse
1185 709 1292 788 ipsum
1315 724 1399 770 mor·
1456 711 1457 758 1

168 819 234 884 tuis
251 817 443 901 opposuisse.
481 815 591 879 Amioo
606 814 706 895 igitur
722 831 834 878 sensus
859 813 910 877 sui
933 815 965 876 et
982 812 1099 877 doloris
1123 831 1161 877 ea
1177 814 1401 877 communione

170 925 348 1008 signifieata
371 922 619 988 oonsolationem
645 919 786 1001 aliquam
809 920 960 1002 praebere
984 920 1122 983 voluisse
1144 920 1308 1002 putandus
1332 917 1398 997 est&

172 1021 310 1129 ‘nostro'
329 1049 393 1094 uon
417 1029 457 1092 ad
479 1029 644 1092 universos
659 1026 805 1090 homines
828 1027 976 1103 relatum,
1000 1025 1055 1089 sed
1079 1026 1119 1090 ad
1142 1025 1200 1090 hos
1224 1026 1305 1091 duos
1328 1045 1401 1110 per-

168 1140 276 1203 tinens
304 1137 350 1200 ita
381 1135 511 1200 demum
542 1152 635 1197 suam
663 1133 729 1197 vim
763 1133 885 1215 reeipit.
930 1130 1040 1210 Quid?
1076 1132 1103 1196 si
1133 1133 1205 1214 quis
1240 1133 1398 1215 pluralem
1457 1161 1458 1214 q

169 1262 343 1309 numerum
371 1228 543 1337 tsepulora'
577 1258 691 1323 parum
714 1238 836 1302 firmari
864 1240 959 1321 putet
983 1238 1093 1303 eodem
1117 1238 1155 1302 de
1179 1257 1243 1303 uno
1264 1239 1400 1303 Achillis
1457 1219 1458 1260 ¹

171 1350 316 1434 sepuloro
338 1366 471 1412 numero
494 1347 527 1410 in
551 1366 576 1411 o.
600 1345 704 1410 LXIV
730 1352 802 1422 368,
825 1363 929 1409 nonne
953 1347 1023 1409 tum
1048 1345 1164 1409 attinet
1186 1364 1316 1410 monere
1341 1345 1400 1411 Ga-

170 1456 290 1522 tullum
314 1473 440 1536 quoque
464 1454 648 1537 sepulerum
671 1452 800 1534 aliquod
822 1453 918 1516 unius
935 1471 951 1516 e
969 1453 1044 1529 suis,
1067 1451 1176 1516 fratris
1201 1452 1400 1516 dilectissimi

171 1563 376 1646 praemature
399 1559 529 1636 mortui,
552 1559 658 1642 ipsum
674 1559 830 1623 coluisse?
870 1556 949 1637 Quis
964 1576 1028 1622 nou
1043 1558 1226 1622 meminerit
1250 1559 1401 1622 earminis

173 1668 238 1734 CI?
268 1668 301 1730 in
325 1684 387 1749 quo
417 1666 472 1729 ubi
495 1664 535 1729 ad
565 1665 673 1729 fratris
689 1666 887 1748 'sepulerum
910 1664 1039 1728 advenit
1068 1667 1190 1726 motam
1214 1663 1401 1745 adloquitur
1458 1737 1459 1740 Ἴ

172 1775 311 1838 cinerem
334 1775 366 1837 et
390 1791 462 1836 oum
486 1771 626 1836 fraterno
650 1771 730 1835 fletu
753 1773 838 1836 iusta
854 1771 957 1836 solvit.
1002 1771 1088 1834 Nam
1111 1789 1240 1835 oarmeu
1264 1772 1306 1836 ad
1330 1771 1403 1837 Cal·

173 1901 250 1947 rum
273 1881 387 1944 datum
410 1897 473 1944 non
496 1879 617 1961 primae
642 1878 877 1943 adulescentiae
902 1895 971 1942 esse
994 1879 1080 1941 ultro
1104 1878 1300 1960 apparebit

262 1987 361 2051 Porro
385 1984 560 2064 Quintiliae
589 1986 725 2048 mortem
757 1984 796 2050 ad
826 1987 1000 2065 utrumque
1030 1984 1222 2068 pertinuisse
1249 1985 1403 2067 proximis

175 2094 290 2177 aperit,
321 2093 398 2156 dum
427 2095 544 2155 veteres
566 2109 689 2154 amores
714 2090 804 2156 Calvi
826 2091 944 2166 mariti,
974 2089 1137 2153 amicitias
1159 2091 1260 2172 ipsius
1284 2091 1404 2173 signifi·

175 2203 236 2279 eat,
261 2217 341 2282 quae
365 2199 441 2263 olim
470 2197 599 2262 fuerint.
647 2196 711 2261 Sed
737 2185 879 2293 ‘missas'
906 2196 982 2260 ferri
1003 2214 1067 2260 non
1090 2198 1206 2279 potest,
1230 2195 1306 2260 olim
1330 2217 1405 2262 vero

175 2325 192 2372 e
215 2308 283 2372 toto
307 2305 482 2370 sententiae
505 2322 589 2368 nexu
613 2322 686 2368 eum
710 2304 862 2369 voeabulo
881 2290 1068 2399 ‘amioitias'
1095 2303 1286 2385 ooniungere
1309 2305 1405 2379 lieet;

177 2414 233 2478 sed
261 2431 318 2496 per
349 2429 446 2494 quam
475 2413 673 2476 struoturam
704 2411 876 2492 quaeritur.
923 2408 1014 2488 Quod
1044 2410 1110 2473 iam
1132 2408 1295 2474 Livineius
1320 2410 1406 2488 feeit,

177 2520 233 2585 sed
256 2520 302 2584 ita
324 2521 362 2582 ut
377 2518 543 2582 divelleret
568 2504 674 2614 ‘olim'
701 2535 720 2580 a
743 2504 898 2603 ‘missasss
923 2533 1119 2597 quamquem
1135 2515 1301 2580 Baehrens
1315 2520 1406 2582 reete

176 2627 286 2704 mouet
308 2644 394 2689 nune
416 2625 497 2689 illud
521 2643 585 2689 non
608 2625 688 2688 bene
713 2642 786 2687 eum
809 2624 869 2687 hoe
884 2623 976 2687 ooire.
1023 2621 1085 2686 Sed
1104 2618 1250 2716 ‘missas’
1277 2641 1407 2706 eorrup-

177 2735 248 2797 tum
272 2750 340 2796 esse
365 2733 506 2809 eonstat,
536 2749 572 2794 ae
596 2731 661 2794 sive
689 2717 844 2824 tiunotas'
872 2730 937 2794 sive
964 2716 1094 2824 tnexas'
1120 2730 1171 2793 vel
1193 2729 1258 2792 tale
1284 2729 1406 2811 aliquid

177 2839 351 2922 reponitur,
374 2838 466 2902 deest
490 2837 642 2918 quiddam
666 2836 814 2913 effeetus,
839 2837 923 2918 quod
950 2822 1135 2930 ‘amicitias'
1161 2835 1245 2900 inter
1269 2834 1405 2900 Calvum

177 2963 371 3026 uxoremque
402 2945 471 3008 eius
503 2945 535 3008 et
558 2942 724 3008 Catullum
751 2942 984 3006 iutereedeutes
1014 2943 1113 3006 notet.
1158 2941 1237 3005 Inde
1268 2942 1408 3025 suspicio

177 3052 257 3116 milri
279 3035 430 3115 nata'est
454 3049 656 3114 scribendum
681 3067 769 3113 esse:

414 3161 509 3237 etque
532 3155 608 3220 olim
630 3155 644 3218 i
651 3159 741 3219 ater
763 3173 833 3218 nos
853 3154 968 3233 flemus
991 3154 1161 3231 amicitias,

180 3264 256 3345 quia
279 3263 436 3327 amicitiae
461 3263 536 3327 olim
559 3265 643 3328 inter
667 3261 757 3328 Calvi
780 3262 946 3343 ooniugem
970 3264 1004 3326 et
1027 3261 1191 3326 Catullum
1213 3261 1345 3326 iunotae
1360 3262 1408 3326 ita

182 3371 255 3453 apte
279 3368 481 3451 respondent·
494 3370 554 3432 viri
570 3371 602 3432 et
617 3369 723 3433 uxoris
751 3369 926 3463 tveteribus
942 3355 1130 3432 amoribus'.
1175 3367 1281 3432 Faoile
1298 3370 1408 3433 autem

184 3462 334 3571 ti‘cernol'
361 3474 394 3537 in
421 3461 551 3568 tmillal'
577 3475 697 3539 mutari
719 3475 832 3557 potuit.
876 3473 925 3539 De
948 3475 1009 3539 hae
1030 3473 1272 3557 praepositionis
1297 3476 1331 3538 et
1354 3474 1409 3538 ad·

179 3581 282 3646 rerbii
304 3579 520 3656 collocatione,
544 3597 626 3662 quae
650 3581 810 3644 notionem
834 3580 931 3645 efficit
954 3580 1185 3656 attributivam,
1213 3579 1251 3643 ef.
1274 3580 1409 3644 thner

180 3688 201 3750 1.
225 3705 250 3750 e.
272 3686 306 3750 Π
336 3691 509 3769 p.165sq.
557 3684 620 3750 Sed
648 3687 682 3750 in
712 3687 826 3751 ultimo
851 3687 1003 3765 distioho,
1031 3689 1069 3751 ut
1091 3687 1243 3763 decebat,
1273 3685 1408 3752 Calvum

181 3811 283 3856 unum
305 3792 471 3856 nominare
494 3792 596 3856 voluit
618 3810 812 3874 uxoremque
836 3793 914 3870 eius,
937 3812 1000 3857 non
1024 3812 1058 3858 se
1083 3810 1218 3874 quoque.

270 3897 341 3963 Iam
364 3917 454 3975 vero,
478 3899 604 3962 etiamsi
630 3899 701 3994 tqui
725 3950 751 3963 ..
775 3917 965 3964 renovamus
990 3948 1016 3963 ..
1041 3902 1137 3982 atque
1162 3946 1188 3964 ..
1211 3886 1344 3964 flemus'
1370 3897 1408 3962 ad

181 4005 284 4068 oertos
313 4003 458 4068 homines
488 4003 663 4081 referatur,
696 4004 777 4068 illud
809 3993 894 4100 ‘qui'
925 4006 1025 4070 nihilo
1049 4005 1155 4089 aptius
1184 4005 1246 4069 lrao
1268 4006 1409 4070 aetiones

183 4109 384 4174 auteoedenti
418 4111 561 4174 membro
591 4109 748 4174 adnectat.
793 4110 879 4175 Nam
908 4112 1115 4177 manifestum
1146 4111 1196 4176 est
1223 4113 1409 4192 pronomine

180 4214 317 4279 relativo
341 4217 471 4279 tantum
494 4215 637 4299 personis
660 4216 813 4280 voeabulo
831 4207 968 4312 ‘nostro'
988 4217 1174 4299 signifieatis
1198 4233 1251 4281 aaa
1268 4218 1407 4282 aetiones
