2934 4742
718 199 876 288 *111-

180 405 244 456 non
268 388 371 452 solum
395 387 434 452 ab
457 387 525 470 ipso
549 385 675 452 retenta
698 389 756 464 est,
780 405 976 469 quamquam
999 405 1059 452 sua
1081 387 1212 452 inventa
1226 407 1291 452 non
1306 388 1411 470 magis

183 511 281 576 quam
305 493 440 558 chorum
462 511 538 558 vera
568 493 736 575 diligebat,
766 494 823 558 sed
852 493 950 558 etiem
978 513 1064 558 nunc
1093 496 1181 558 certa
1209 494 1275 560 fere
1304 513 1412 560 emen·

182 599 268 664 datio
292 600 465 664 existimari
489 601 623 678 videtur,
645 601 707 665 nisi
731 601 816 682 quod
841 599 991 666 Schwabe
1015 618 1087 665 eam
1101 601 1136 666 111
1151 603 1277 667 textum
1300 605 1411 666 tamen

181 724 245 770 non
268 707 393 790 recepit.
440 708 483 772 Ht
507 708 657 796 quoniam
679 708 713 771 111
735 707 878 789 legendis
903 709 935 772 et
959 707 1155 773 excutiendis
1170 711 1282 791 poetae
1306 710 1410 774 verbis

182 812 220 877 de
250 813 317 877 eius
353 814 551 880 coniecturae
583 815 716 880 veritate
754 814 874 879 invitus
904 813 1106 892 dubitabam,
1137 834 1210 880 mox
1238 835 1313 880 cum
1340 835 1410 899 per·

181 920 320 1003 spexisse
343 921 423 986 mihi
445 921 577 998 viderer,
603 922 679 1004 quid
700 922 735 986 iu
765 940 803 987 ea
831 921 872 986 ad
894 922 1063 988 verborum
1090 941 1244 988 conexum
1273 921 1411 988 efficien-

180 1026 258 1091 dum
295 1029 327 1092 et
364 1028 404 1093 ad
433 1029 533 1093 totius
565 1029 741 1094 sententiae
773 1029 916 1094 ordinem
945 1029 1138 1094 servandum
1168 1029 1311 1106 deesset,
1339 1049 1409 1094 eam

181 1134 360 1217 improbare
384 1137 513 1200 coactus
537 1155 618 1200 sum.
666 1134 728 1200 Sed
751 1138 858 1200 totum
882 1155 957 1201 eum
978 1137 1099 1212 locum,
1131 1137 1182 1201 cui
1213 1155 1327 1202 versus
1345 1137 1408 1200 'ille

182 1241 460 1307 coniunctissimus
485 1245 550 1320 est,
579 1262 653 1308 cum
676 1243 794 1308 intueri
817 1261 945 1309 neeesse
977 1243 1028 1320 sit,
1052 1243 1104 1308 hic
1134 1261 1150 1308 e
1173 1242 1338 1309 Schwabei
1361 1263 1408 1308 re·

182 1348 359 1430 cognitione
382 1367 614 1433 proponamus:
1221 1434 1223 1436 Ψ

293 1463 334 1522 57
361 1454 476 1537 Qualis
499 1456 536 1520 ia
559 1457 644 1521 aerii
664 1455 832 1538 perlucens
854 1456 968 1520 vertice
990 1455 1107 1520 montis

402 1561 507 1626 Rioas
529 1582 668 1628 muscoso
686 1561 820 1644 prosilit
842 1583 858 1626 e
882 1561 1000 1642 lapide,

360 1669 423 1752 Qui
446 1689 517 1733 eam
541 1669 579 1734 de
596 1688 705 1751 meaa
724 1687 878 1749 praeceps
902 1673 947 1733 est
969 1667 1051 1733 calb
1073 1666 1206 1746 aelatus,

293 1783 334 1841 60
401 1773 467 1838 Per
489 1763 628 1840 mediam
651 1775 742 1839 deaei
765 1775 886 1839 transit
907 1775 969 1838 iter
985 1773 1111 1855 populi,

357 1881 460 1947 Dulce
484 1883 602 1946 victori
625 1881 710 1946 lasso
732 1883 769 1946 ia
792 1882 907 1947 sudore
931 1881 1072 1946 laamea

407 1987 488 2054 Cum
509 1989 621 2070 prucis
643 1991 768 2052 ausas
791 1992 898 2053 aestus
920 1987 1043 2052 hiulcat
1065 2007 1166 2069 apros.

180 2096 287 2176 Atque
310 2097 347 2160 ut
370 2113 389 2160 a
410 2095 524 2160 mediis
548 2095 651 2160 verbis
674 2095 807 2179 proiecti
830 2098 863 2160 et
886 2095 924 2160 de
948 2095 1104 2179 prioribus
1128 2098 1162 2160 et
1185 2095 1224 2160 de
1255 2097 1409 2179 posterio-

179 2201 266 2266 ribus
290 2202 429 2267 iudicare
452 2203 620 2286 possimus,
644 2203 723 2267 satis
746 2202 811 2268 fere
829 2204 879 2267 est
894 2203 975 2267 illud
996 2203 1190 2284 significasse
1213 2203 1329 2280 riuum,
1354 2204 1407 2286 qui

180 2309 272 2373 dulce
295 2309 425 2374 viatoris
455 2311 533 2374 lassi
562 2311 707 2374 levamen
734 2309 906 2384 diceretur,
937 2309 978 2373 ad
1008 2310 1110 2392 ipsam
1140 2309 1323 2392 planitiem,
1354 2328 1408 2394 per

181 2433 278 2497 quam
300 2416 362 2480 iter
384 2415 490 2494 ferret,
514 2417 695 2500 pervenisse
719 2417 841 2481 debere.
887 2415 965 2480 Inde
995 2417 1144 2481 continuo
1175 2417 1314 2481 mutatio
1344 2417 1407 2492 illa,

179 2541 237 2606 per
260 2541 358 2604 quam
380 2523 447 2588 loco
470 2523 556 2588 vocis
577 2520 691 2602 papali
720 2521 938 2606 reponendum
969 2541 1038 2586 esse
1071 2511 1222 2618 ‘scopuli’
1255 2521 1407 2588 Huschke

179 2629 339 2711 cogitavit,
362 2631 532 2695 temeraria
555 2629 690 2706 videtur,
712 2629 746 2692 id
776 2629 860 2711 quod
883 2627 995 2712 Haupt
1024 2629 1045 2692 l.
1069 2649 1094 2694 c.
1117 2649 1146 2713 p.
1171 2637 1212 2694 88
1243 2629 1310 2694 iem
1343 2648 1408 2694 am-

178 2737 263 2820 plius
287 2737 534 2802 demonstravit:
567 2723 835 2834 ‘praeposteram‘
870 2736 1009 2819 appellat
1040 2737 1241 2819 scopulorum
1271 2755 1408 2801 comme-

179 2845 404 2922 morationem,
437 2863 515 2926 quos
544 2844 648 2908 rivum
677 2843 742 2907 iam
772 2844 950 2908 eluctatum
980 2861 1048 2906 esse
1078 2844 1329 2908 consentaneum
1359 2843 1406 2908 sit.

178 2950 364 3028 Praeterea,
405 2971 444 3016 ne
481 2950 557 3032 quid
592 2969 629 3014 11
664 2949 731 3014 eius
775 2949 972 3032 argumentis
1012 2949 1189 3031 neglexisse
1230 2949 1405 3026 videamur,

179 3059 317 3123 ostendit
339 3059 427 3122 nullo
450 3057 543 3122 modo
566 3057 659 3121 licere
687 3075 744 3139 per
774 3057 929 3121 sermonis
958 3056 1185 3140 proprietatem
1216 3056 1405 3139 coniungere

181 3165 286 3260 ‘densi
309 3165 430 3249 scopuli
452 3153 528 3229 iter'
555 3166 612 3228 aut
634 3181 690 3247 per
711 3163 910 3229 Catulliauae
934 3163 1085 3227 orationis
1109 3162 1287 3246 simplicem
1310 3181 1405 3228 venu-

179 3273 296 3336 statem
319 3272 366 3336 ita
394 3272 492 3336 verba
520 3278 719 3347 construere,
748 3272 785 3334 ut
814 3270 914 3353 ipsius
948 3270 1010 3334 iter
1032 3270 1093 3334 rivi
1115 3269 1251 3333 transire
1282 3269 1405 3334 dicatur

177 3395 235 3461 per
256 3378 398 3442 medium
422 3377 550 3461 scopuli
595 3379 642 3441 Ac
666 3377 692 3440 si
714 3375 865 3441 Huschke
889 3376 1079 3459 opinabatur
1101 3376 1163 3441 dici
1185 3393 1277 3459 posse
1301 3377 1404 3441 rivum

178 3501 236 3567 per
257 3483 399 3548 medium
421 3483 512 3548 densi
536 3483 656 3566 scopuli
671 3483 732 3547 iter
748 3479 844 3546 'suum
859 3483 1004 3560 transire,
1028 3502 1067 3548 ne
1088 3483 1121 3546 id
1137 3482 1265 3564 quidem
1281 3486 1404 3548 rectum

179 3608 249 3655 esse
271 3590 382 3674 Haupt
403 3590 552 3667 firmavit,
577 3590 651 3671 quia
677 3589 782 3686 ‘densi
806 3576 942 3672 scopuli'
968 3592 1041 3654 cum
1065 3608 1138 3654 vero
1163 3607 1259 3654 sensu
1290 3589 1330 3654 de
1353 3609 1405 3653 ru·

179 3696 272 3781 pibus
296 3697 358 3762 dici
380 3716 443 3762 non
466 3699 579 3780 potest.

269 3803 331 3869 Sed
357 3793 476 3899 ‘densi'
502 3803 645 3885 intellegi
667 3803 788 3884 nequit.
835 3801 900 3868 Our
923 3802 1010 3866 enim
1033 3803 1169 3868 densum
1199 3820 1268 3866 esse
1297 3801 1403 3886 populi

179 3929 293 3993 agmen
316 3911 411 3976 debet
434 3911 474 3976 ad
497 3910 557 3974 rivi
578 3910 823 3974 transitionem?
848 3928 905 3974 cur
928 3909 1031 3974 111111
1053 3928 1111 3993 per
1140 3909 1273 3973 densam
1304 3909 1403 3974 homi·

177 4036 256 4081 num
278 4018 520 4082 multitudinem
541 4016 687 4082 incedere
711 4015 813 4092 debet,
836 4017 874 4080 ut
897 4015 984 4080 rivus
1009 4016 1037 4080 ei
1052 4017 1199 4081 levamen
1222 4015 1288 4079 eit?
1326 4014 1401 4080 Inde

178 4123 221 4189 M.
245 4124 356 4208 Haupt
377 4125 457 4189 illud
483 4112 601 4219 ‘densi‘
628 4122 777 4188 vitiosum
801 4141 870 4188 esse
902 4125 993 4188 ratus
1023 4122 1174 4187 orationis
1202 4123 1402 4186 venustatem

177 4231 357 4295 restituisse
381 4232 441 4295 sihi
463 4231 551 4294 111111
574 4232 624 4294 111
646 4229 783 4312 reposito
811 4225 967 4326 tsensim'.
1004 4229 1218 4324 ⁴Describitur
1241 4263 1286 4274 -
1301 4228 1402 4310 inquit
