2928 4724
750 175 791 233 48

164 365 220 429 ubi
241 364 379 428 Ariadne
401 362 467 426 filia
490 362 605 427 dicitur
628 361 760 442 liquisse
782 363 1050 444 consanguineam
1073 364 1106 426 et
1127 365 1279 440 matrem,
1304 381 1383 444 quae

165 471 330 554 complexu
353 489 424 534 cam
447 471 554 534 tenere
578 469 738 542 solebant;
761 469 863 551 priore
886 470 954 533 loco
982 467 1137 532 eminebat
1158 469 1225 533 filia
1247 470 1386 533 matrem

165 579 338 660 complexu,
361 576 444 640 unde
469 576 580 640 avulsa
604 578 672 639 est.-

252 684 291 748 In
314 703 409 748 versu
432 683 574 747 eiusdem
598 683 746 747 carminis
771 689 834 746 214
857 682 916 746 hoo

397 788 495 852 Tulle
517 786 712 870 complexum
733 787 842 851 iuveni
864 787 1019 852 scaudala
1043 788 1164 852 dedisse

165 899 243 961 item
267 897 354 961 verbi
385 897 578 961 constructio
608 895 766 978 postulat,
795 896 833 958 ut
861 913 954 958 casus
986 895 1100 976 aliquis
1131 896 1320 978 suppleatur
1351 913 1386 958 cr

166 1005 276 1080 altero,
306 1004 389 1067 sicut
411 1003 514 1085 priore
537 1002 613 1066 loco.
654 1001 873 1084 Supplcndum
896 1003 946 1065 ost
973 989 1142 1096 ‘Aegeum'
1170 1003 1239 1066 coll.
1263 1021 1291 1066 v.
1314 1010 1386 1077 213,
1453 984 1455 1024 ³

166 1110 220 1192 qui
242 1110 387 1174 iuuenem
410 1108 590 1191 complexus
615 1110 671 1173 est.

254 1287 293 1351 ln
316 1287 514 1368 antistropha
537 1287 616 1349 haec
640 1288 780 1350 exstant:

256 1401 306 1458 ⁶26.
341 1391 491 1474 Hespero,
515 1392 588 1474 quis
611 1391 696 1455 coelo
718 1391 799 1456 lucet
821 1390 987 1455 ioeeeellor
1009 1390 1120 1470 iguis?

346 1499 410 1580 Qui
433 1498 589 1579 desponsa
612 1503 669 1560 teo
691 1498 798 1578 firmes
820 1497 956 1560 conubia
977 1497 1118 1576 (lacerno,

345 1605 434 1685 Quae
453 1605 601 1686 pepigere
624 1604 697 1682 oiri,
715 1605 908 1686 pepigerunt
931 1609 1005 1668 ente
1023 1607 1182 1684 parentes,

344 1711 411 1774 Nee
433 1713 568 1775 iunxere
588 1711 685 1791 prius
708 1731 805 1792 quam
827 1730 859 1776 sc
882 1715 957 1774 tuus
979 1711 1091 1774 extulit
1114 1712 1220 1775 ordor.

167 1819 289 1884 Versus
315 1827 354 1884 28
389 1818 583 1916 ‘superfluus
606 1819 774 1900 paululum
797 1822 830 1882 et
859 1819 962 1900 magis
993 1819 1031 1882 ob
1060 1820 1208 1901 strophae
1240 1819 1386 1901 aequabi-
1446 1835 1455 1898 3*

168 1928 294 1990 litatem
319 1911 475 1989 adiectus'
500 1925 659 1988 iudicatur
683 1943 701 1987 a
723 1924 925 2000 Baehrensm,
949 1924 1005 1988 sed
1028 1925 1150 1988 iniuria.
1197 1925 1281 1990 Cum
1305 1927 1385 1990 enim
1445 1918 1455 1959 Ὺ

168 2033 292 2116 puellae
317 2031 410 2096 modo
434 2034 563 2113 questas
588 2032 666 2107 sint,
691 2031 774 2112 quod
802 2031 867 2095 filiu
896 2032 929 2095 et
955 2032 1059 2094 meter
1089 2032 1189 2096 altera
1219 2033 1258 2096 ab
1290 2032 1386 2096 altera

169 2138 340 2203 crudeliter
364 2139 584 2214 avellerentur,
607 2139 671 2200 iam
694 2138 768 2202 huic
784 2138 908 2202 crimini
921 2138 968 2200 ita
990 2138 1163 2201 occurritur
1179 2157 1198 2201 a
1213 2139 1385 2212 iuvenibus,

169 2249 207 2309 ut
237 2245 269 2309 id
298 2263 384 2309 more
421 2245 561 2326 legitimo
601 2249 634 2309 et
662 2265 735 2308 cum
765 2248 934 2327 parentum
962 2263 1094 2308 assensu
1122 2244 1191 2308 fieri
1219 2245 1386 2310 declarent.

171 2350 264 2430 Quod
287 2353 324 2414 ut
346 2353 512 2434 perspicue
537 2353 569 2415 ct
592 2351 739 2415 distincte
764 2351 904 2427 dicatur,
927 2351 1070 2432 legitima
1092 2350 1278 2433 nuptiarum
1300 2352 1388 2415 iusti·
1447 2371 1455 2441 3³

169 2458 251 2522 tutio
283 2458 464 2521 illustratur
500 2459 665 2539 tribusque
705 2458 847 2522 versibus
878 2463 1020 2522 27-29
1050 2458 1143 2540 plane
1173 2457 1387 2522 dissolvuntur
1445 2469 1449 2516 ’ξ

171 2565 304 2628 erimina
334 2565 433 2627 trium
462 2565 602 2646 priorum
634 2572 772 2630 21-23.
823 2567 869 2628 Ac
893 2564 976 2628 sicut
997 2582 1053 2646 per
1076 2564 1232 2646 pluralem
1255 2563 1387 2628 equuteo

169 2672 275 2734 totum
299 2672 366 2735 eius
390 2671 525 2735 notionis
550 2689 649 2752 genus
673 2671 877 2753 significetur,
900 2689 964 2734 non
987 2689 1087 2734 unum
1111 2671 1238 2752 aliquod
1262 2672 1387 2735 tantum
1449 2665 1455 2731 ’ἶ

169 2779 221 2843 vel
243 2779 316 2855 hoc,
346 2778 384 2842 de
409 2796 470 2859 quo
494 2779 616 2860 egitur,
640 2778 826 2854 conubium,
848 2779 926 2841 item
950 2779 1124 2860 usurpatur
1153 2777 1287 2859 pluralis
1317 2777 1387 2853 oiri,

171 2904 232 2967 quo
257 2904 320 2949 uon
353 2904 468 2981 ‘novus
497 2885 633 2948 maritus
664 2887 696 2948 ct
718 2885 842 2967 puellae
864 2872 969 2966 pater'
996 2883 1047 2966 (of.
1069 2883 1241 2948 Baehrens.
1265 2883 1386 2964 comm.)
1450 2875 1455 2957 ᾗ

171 2994 228 3056 aut
249 2992 358 3056 mariti
379 2994 470 3074 pater
494 2995 526 3056 et
548 2993 673 3074 puellae
696 2993 788 3074 pater
803 2989 856 3076 (cf.
872 2991 978 3055 Riesei
1001 2990 1061 3072 ed.)
1077 2992 1237 3068 notentur,
1262 2992 1318 3056 sed
1334 2990 1388 3055 soli
1454 3009 1455 3020 ¹

170 3099 287 3176 mariti,
303 3098 341 3162 de
362 3099 475 3179 quibus
498 3101 548 3162 est
566 3099 687 3162 usitata
701 3116 759 3162 vox
780 3086 866 3193 ‘virt
895 3097 1072 3162 Conubium
1090 3098 1188 3179 igitur
1205 3098 1327 3180 pepigit
1345 3097 1388 3161 rir
1454 3117 1455 3120 ¹

172 3204 237 3267 sive
260 3205 396 3268 maritus
419 3225 491 3269 cnm
514 3207 629 3288 puella,
652 3208 782 3288 pactum
805 3207 888 3281 ante,
910 3205 1009 3286 igitur
1039 3205 1207 3286 probatum
1239 3223 1257 3266 a
1280 3223 1389 3287 paren·

171 3311 272 3387 tibus
303 3311 358 3392 qui
392 3329 455 3375 non
489 3313 577 3394 prius
614 3313 786 3377 iunxerunt
823 3330 919 3392 quam
947 3311 1070 3394 Vesper
1099 3313 1187 3374 ortus
1217 3314 1275 3374 est.
1331 3307 1388 3389 Qui
1452 3331 1453 3338 ¹

172 3418 291 3482 vellent
314 3417 352 3481 de
377 3417 444 3480 eina
467 3419 600 3499 pluralis
624 3438 686 3483 usu
715 3421 799 3484 locos
827 3437 1029 3500 cognoscere,
1057 3418 1080 3480 ii
1110 3419 1200 3480 erant
1231 3415 1387 3499 relegandi
1452 3479 1455 3500 J

174 3522 214 3587 ad
236 3523 382 3587 Ksrhneri
404 3523 423 3586 l.
448 3541 473 3586 o.
496 3523 530 3586 H
562 3544 591 3606 p.
617 3533 723 3606 62sq.‚
746 3545 794 3590 nc.
820 3536 848 3602 7,
872 3544 936 3589 non
960 3524 998 3588 ad
1022 3544 1051 3606 p.
1076 3531 1125 3600 63,
1149 3543 1198 3588 nc.
1216 3531 1244 3589 8.
1290 3523 1389 3605 Igitur
1452 3519 1453 3532 ¹

171 3631 224 3695 hio
247 3630 287 3694 ad
311 3629 561 3712 simplicissimas
585 3632 770 3714 nuptiarum
794 3631 989 3696 condiciones
1020 3633 1088 3694 tota
1118 3630 1218 3694 oratio
1249 3631 1387 3694 consulto

172 3736 308 3801 refertur
339 3736 529 3818 longiusque
566 3737 656 3820 petiti
693 3737 818 3801 artificii
846 3756 937 3801 omne
969 3739 1060 3802 abest
1089 3737 1233 3802 studium
1265 3737 1304 3800 ab
1333 3737 1388 3799 hac

172 3861 269 3925 poesi.

262 3984 384 4050 Versus
409 3992 539 4051 32-38
564 3987 609 4050 sic
632 3986 719 4051 dedit
743 3985 910 4052 Schwabe:

263 4099 314 4158 32.
347 4089 515 4171 Hesperus
536 4111 552 4156 c
573 4091 670 4169 noha,
696 4091 848 4174 aequalis,
873 4089 1003 4156 maelii
1025 4110 1126 4155 enum

768 4238 788 4283 c
