2928 4724
682 123 798 232 '16

700 253 859 267 ..-..,-

167 360 335 426 victoriam
356 378 441 425 nunc
470 378 526 443 per
555 359 724 424 imminens
755 361 916 425 sedamen
942 359 1126 425 institutam
1157 358 1222 423 sive
1252 359 1399 443 positam

165 485 248 532 esse.
293 465 401 531 Verba
424 469 531 532 autem
553 463 663 548 faciles
684 464 775 530 cobis
795 465 934 547 equalis
944 464 1060 548 pobaa
1078 467 1125 531 ita
1148 467 1401 548 coniunguntur,

167 571 338 654 etfacilis
362 573 554 638 attributum
577 573 620 636 sit
644 572 728 654 qnod
744 573 864 651 dicunt,
886 592 951 636 nou
972 572 1200 656 praedicatum.
1234 572 1400 637 Inseritur

165 681 278 744 autem
300 678 390 743 uobis
412 679 445 742 in
467 679 571 744 medio
593 679 747 762 positum,
771 678 812 744 ad
833 677 944 759 facilis
966 679 1063 743 simul
1086 680 1119 743 et
1142 678 1182 742 ad
1199 682 1324 758 parato
1349 683 1400 743 est

169 785 379 864 referendum,
402 788 439 850 ut
463 785 646 868 saepissime
671 785 784 849 similis
808 785 969 850 collocatio
989 785 1027 850 fit
1041 785 1075 848 in
1090 785 1129 849 iis
1144 785 1400 868 pronominibus

166 891 210 956 ad
241 911 322 973 quae
351 892 502 976 primaria
533 910 585 956 res
615 893 648 956 et
685 892 766 957 actio
801 892 1001 973 aliquantum
1030 892 1168 974 pertinet
1202 891 1240 956 ci.
1271 911 1318 957 ex.
1350 911 1400 974 gr.

165 998 355 1063 Baehrensii
385 1001 551 1064 comment.
584 998 625 1062 ad
648 1018 673 1063 c.
698 1007 749 1076 51,
773 1006 849 1082 3sq.
881 1035 922 1046 -
952 998 1049 1063 Porro
1079 999 1230 1080 quoniam
1254 987 1397 1095 tqualis'

168 1105 293 1188 puellae
318 1106 552 1183 describuntur,
576 1108 672 1188 auget
703 1105 801 1170 etiam
822 1106 1083 1190 perspicuitatem
1105 1108 1201 1188 poeta
1228 1106 1399 1171 Romanus

166 1211 279 1276 addita
300 1214 373 1296 post
396 1213 585 1277 allocutione
612 1199 802 1308 (innuptae.

257 1318 328 1383 Iam
351 1319 406 1401 qui
429 1320 493 1384 sint
514 1319 570 1397 illi,
594 1320 650 1401 qui
673 1322 784 1401 agant,
806 1337 866 1384 nec
887 1319 948 1397 hic,
971 1319 1026 1384 ubi
1040 1317 1196 1383 meddota
1209 1317 1398 1399 requirant,

167 1443 227 1490 nec
249 1426 284 1489 in
305 1445 334 1490 v.
360 1434 409 1503 18,
433 1425 488 1491 ubi
510 1425 614 1490 dicere
636 1425 705 1490 iam
727 1425 890 1506 incipient,
915 1425 1052 1503 additur,
1076 1425 1150 1507 quia
1165 1425 1197 1488 id
1213 1443 1270 1508 per
1285 1424 1398 1507 ipsum

167 1533 376 1597 amoebaeum
410 1533 477 1598 eius
508 1533 656 1598 carminis
692 1533 835 1597 ordinem
863 1551 927 1596 non
959 1531 1052 1596 modo
1080 1550 1145 1595 non
1175 1531 1398 1597 necessarium

164 1640 232 1715 est,
256 1638 312 1702 sed
334 1656 374 1703 ne
398 1642 510 1723 aptum
533 1639 672 1721 quidem.
717 1639 870 1720 Idemque
893 1639 962 1703 fieri
984 1639 1018 1702 in
1040 1657 1068 1702 v.
1092 1646 1111 1703 8
1134 1637 1230 1702 viba
1251 1641 1289 1700 ot
1312 1657 1396 1717 per-

163 1744 283 1808 niciter
305 1744 470 1810 albere?
493 1746 667 1811 atinus
692 1747 806 1809 causat
829 1744 1189 1827 qocdoc‘serepcrcet
1210 1763 1283 1808 mox
1306 1745 1398 1808 ride-

167 1851 282 1916 bimus.
318 1850 380 1916 Sed
404 1871 441 1917 ea
463 1851 603 1935 pendent
626 1853 665 1916 ab
688 1852 837 1917 universa
868 1851 1016 1916 carminis
1046 1851 1249 1934 dispositione
1270 1852 1395 1915 nostris

164 1957 298 2023 demum
322 1959 559 2040 quaestionibus
581 1959 746 2036 firmanda,
770 1977 834 2041 qua
856 1958 907 2024 vol
929 1959 999 2042 ipsa
1021 1958 1101 2023 haec
1116 1959 1213 2040 atque
1230 1958 1292 2022 alia
1308 1957 1398 2022 eius·

164 2065 253 2129 modi
275 2066 360 2130 ultro
384 2084 480 2132 suom
501 2066 612 2130 lumen
634 2065 796 2149 recipient.

259 2169 322 2236 Sed
345 2171 383 2236 de
407 2173 562 2255 „palma“
586 2173 712 2254 gravior
733 2190 820 2237 nnnc
841 2172 944 2236 restat
974 2171 1127 2253 quaestio.
1173 2165 1336 2252 Quidquid
1361 2172 1396 2236 id

164 2279 226 2355 est,
250 2281 336 2342 certe
359 2279 419 2343 hoc
443 2281 575 2363 apparet
597 2279 677 2342 illud
701 2299 717 2344 e
740 2277 848 2360 quotis
872 2280 913 2343 ad
940 2297 1018 2361 opus
1045 2279 1200 2344 muliebre
1221 2278 1393 2362 pertinere,

166 2402 224 2466 per
256 2385 339 2466 quod
373 2373 543 2482 <palrnam‘
575 2384 699 2449 efficere
729 2385 844 2468 puellis
867 2384 960 2449 facile
984 2385 1033 2449 sit.
1082 2372 1252 2480 ‘Qualum'
1282 2387 1395 2450 autem

164 2489 234 2555 sive
261 2479 418 2585 ‘qualusss
454 2490 538 2573 quod
567 2491 757 2555 vocabulum
780 2493 981 2556 conuectum
1003 2493 1052 2555 est
1079 2509 1095 2556 e
1121 2491 1260 2572 longiore
1288 2491 1393 2556 forma

165 2597 331 2678 *quasulo
356 2635 413 2674 -,
436 2597 519 2662 uude
542 2598 690 2680 vulgares
718 2597 839 2662 formae
872 2585 1074 2694 ‘quasillum’
1107 2597 1173 2663 sive
1204 2587 1390 2694 (quasillus'

164 2706 256 2768 ortae
286 2706 361 2769 sunt
390 2703 441 2789 (ci.
466 2703 600 2769 Corssen
622 2704 666 2767 1²>
687 2724 717 2788 p.
742 2703 818 2788 652)
843 2704 939 2769 simili
961 2704 1070 2781 modo,
1100 2722 1161 2786 quo
1195 2693 1324 2798 ‘pilum’
1358 2709 1392 2770 et

170 2797 281 2903 ‘toles’
314 2829 330 2875 e
360 2810 469 2875 formis
503 2800 750 2906 jpilnpolum’
783 2815 815 2876 et
849 2809 1024 2906 ‘*to(n)snl
1047 2800 1104 2858 -’
1138 2810 1189 2896 (of.
1214 2810 1249 2876 0.
1271 2812 1390 2889 Keller,

166 2915 258 2980 Neue
287 2915 419 2984 Jobrbd.
458 2925 558 2997 1886,
588 2926 650 2984 133
686 2938 717 3002 p.
745 2924 819 2996 844,
843 2916 891 3004 2),
923 2935 1034 3000 graece
1063 2915 1213 2994 κάλαθος
1240 2918 1305 2982 sive
1333 2917 1391 2982 τά·

166 3021 275 3108 λαρος,
299 3024 456 3106 significat
478 3043 535 3089 vas
558 3025 741 3102 vimineum,
763 3025 797 3088 in
821 3043 883 3106 quo
907 3024 1053 3088 staminis
1075 3025 1198 3106 glomus
1215 3023 1294 3088 fusis
1318 3043 1391 3089 ero-

167 3130 257 3195 lutus
279 3133 490 3214 reponebatur
513 3131 551 3196 cf.
573 3132 614 3196 H.
636 3132 805 3209 Blrimner,
830 3129 1030 3212 Terboolopie
1052 3131 1069 3194 Ι
1091 3151 1120 3214 p.
1146 3139 1264 3212 117sq.

185 3307 194 3328 ,
257 3237 400 3302 Pertinet
424 3238 586 3302 autemid
611 3238 777 3302 vasculum
801 3238 841 3302 ad
862 3237 991 3302 lanificii
1014 3256 1102 3320 opus,
1127 3237 1210 3318 quod
1225 3237 1389 3320 proprium

166 3341 230 3407 fuit
254 3343 432 3424 antiquitus
456 3345 618 3408 Romanae
641 3345 747 3409 uxoris
771 3345 836 3408 sive
859 3345 973 3408 matris
996 3343 1151 3419 familiam
1178 3343 1274 3408 nendi
1303 3345 1390 3408 enim

165 3450 201 3514 et
241 3449 365 3514 texendi
406 3451 533 3533 negotia
576 3469 613 3515 ex
654 3452 759 3515 vetere
800 3469 887 3515 more
926 3451 960 3514 in
1005 3451 1085 3515 atrio
1126 3450 1314 3515 exercebant
1350 3450 1390 3514 of.

74 3630 76 3634 ¹
163 3555 197 3620 J.
219 3556 424 3637 Marquardt,
452 3553 620 3620 Rdmisebe
641 3554 861 3621 Privatoltert.
895 3557 912 3621 I
934 3576 964 3640 p.
990 3563 1050 3632 553
1082 3556 1117 3621 Π
1144 3563 1277 3640 p.128,
1307 3557 1389 3622 adde

165 3663 370 3727 notissimum
393 3663 431 3728 de
454 3664 603 3728 Lucretia
624 3665 731 3729 locum
758 3664 843 3746 apud
869 3663 936 3727 Liv.
962 3662 980 3727 Ι
1010 3670 1061 3729 57.
1106 3662 1321 3728 Nominantur
1350 3682 1389 3728 ea

165 3786 187 3832 a
216 3769 339 3833 Tibullo
368 3770 410 3834 II.
447 3780 479 3847 1,
510 3778 651 3836 61—66
686 3769 844 3851 femineos
882 3768 972 3834 labor
1006 3769 1074 3832 ruri
1102 3770 1265 3846 colendus,
1303 3769 1389 3834 sicut

166 3875 293 3939 texendi
315 3876 404 3941 labor
426 3877 540 3942 hiemis
562 3877 708 3941 noctibus
733 3876 924 3941 exercendus
940 3877 1137 3940 memoratur
1153 3894 1171 3940 a
1186 3875 1328 3957 Vergilio
1351 3877 1386 3940 in

165 3999 271 4063 georg.
300 3981 459 4065 1293sq.
512 3982 574 4048 Sed
604 3983 664 4046 etsi
692 3983 771 4047 item
800 3983 882 4066 apud
912 3982 1077 4048 Catullum
1107 3983 1241 4064 agrestis
1272 4001 1388 4048 scaena

167 4089 200 4151 et
222 4107 291 4154 mos
316 4089 527 4171 significatur,
550 4094 661 4154 tamen
689 4107 748 4154 nec
774 4091 844 4154 neri
871 4091 978 4173 potest
1007 4108 1024 4154 e
1053 4090 1172 4172 qualis,
1201 4107 1260 4154 uec
1289 4090 1386 4171 vulgo

163 4194 231 4258 texi
254 4195 357 4261 solent
378 4198 520 4280 palmae3
543 4198 639 4261 netur
662 4196 747 4261 enim
769 4196 802 4260 in
827 4197 936 4278 qualos
964 4199 996 4261 et
1024 4197 1176 4261 teruntur
1204 4215 1222 4260 a
1250 4195 1386 4260 lanificis
