2934 4742
712 183 872 272 ἕδ-
985 173 988 180 ,

179 366 359 450 ticipicrum
382 385 457 444 usu,
481 385 562 449 quae
585 387 648 432 non
665 368 706 432 ad
729 369 886 433 actionem
910 368 1051 449 aliquem
1067 385 1291 450 praegressum
1313 365 1405 449 perti-

178 475 267 550 nent
291 473 347 537 sed
370 473 597 538 adiectivorum
620 475 704 539 vices
728 476 850 540 tenent.
894 474 990 539 Hunc
1012 474 1112 556 igitur

431 599 533 662 neque
554 584 668 645 sanda
698 580 807 645 Venus
829 579 919 645 molli
940 581 1135 660 requiesce-re
1157 599 1266 644 somno

445 687 616 752 Desertum
639 687 677 750 ia
698 686 775 752 lecto
797 685 916 752 caelibe
934 687 1125 767 perpetitur,

177 811 281 875 neque
297 796 403 858 mente
427 794 520 858 anxia
535 794 779 876 pervigilantem
794 797 940 859 veterum
956 795 1148 877 scriptorum
1169 794 1282 858 Musae
1306 794 1404 858 oblee-

178 904 258 966 tant
303 901 472 982 Negantur
502 901 588 966 enim
619 903 705 966 totae
729 901 804 966 illae
829 901 1037 978 condiciones,
1062 919 1144 983 quae
1167 900 1320 965 membris
1344 899 1402 962 illis

177 1009 262 1072 inter
290 1027 324 1074 se
353 1007 535 1090 compositis
565 1008 807 1082 describuntur;
842 1008 881 1072 de
910 1009 961 1073 his
988 1009 1088 1090 igitur
1111 1007 1347 1072 condicionibus
1370 1009 1403 1069 ut

178 1114 402 1180 consolationis
414 1114 556 1178 fontibus
567 1115 601 1179 in
612 1115 672 1178 hoc
683 1115 811 1180 bomine
825 1115 957 1196 eogitari
967 1133 1031 1180 non
1042 1133 1136 1197 posse
1147 1114 1266 1178 Melius
1280 1113 1401 1179 Catullo
1418 1107 1421 1110 ’

177 1222 313 1305 scripsit.
345 1221 532 1287 Coniunctio
549 1224 658 1286 autem
676 1209 781 1317 ‘cum'
800 1222 833 1284 in
850 1231 913 1288 v.8
939 1221 1074 1286 eandem
1089 1222 1155 1285 vim
1178 1221 1285 1296 habet
1309 1237 1402 1302 quam

178 1347 277 1412 supra
298 1329 332 1392 in
356 1348 381 1392 a.
396 1328 488 1392 LXII
510 1335 562 1394 46.
579 1336 619 1393 57
645 1328 896 1411 explanavimus,
919 1331 957 1392 ut
979 1329 1033 1392 ille
1056 1326 1275 1411 pervigilando
1298 1327 1401 1392 mente

177 1455 252 1502 cum
276 1437 368 1500 anxia
391 1435 509 1499 talibus
533 1434 725 1500 carminibus
750 1454 813 1500 non
830 1435 982 1501 oblectari
1005 1434 1144 1510 diceban
1167 1452 1244 1498 nam
1262 1433 1304 1498 ad
1317 1433 1401 1516 prius

176 1543 358 1608 membrum
381 1562 409 1606 v.
433 1549 462 1606 5.
488 1549 506 1606 6
530 1541 563 1605 id
587 1543 791 1607 enuntiatum
820 1561 877 1625 per
904 1527 1006 1637 tcurn’
1033 1541 1192 1606 adnexum
1222 1559 1288 1604 non
1311 1539 1402 1604 simul

176 1649 324 1732 pertinet.
371 1647 490 1713 Similis
514 1649 601 1713 enim
625 1649 764 1713 condicio
788 1649 936 1725 efficiens,
960 1665 1042 1730 quae
1065 1648 1117 1712 bio
1139 1666 1196 1730 per
1221 1637 1324 1742 ‘cnm'
1351 1645 1402 1709 ad·

177 1755 272 1831 ditur,
295 1755 339 1820 ibi
362 1756 493 1819 notatur
515 1774 572 1838 per
594 1774 662 1819 rem
686 1755 878 1821 attributam
904 1756 953 1850 ‘in
975 1755 1057 1819 lecto
1082 1742 1229 1819 caelibe'.

265 1861 411 1926 Hominis
436 1865 546 1926 autem
568 1864 660 1926 tanta
683 1863 867 1926 calamitate
891 1861 1002 1926 afflicti
1023 1879 1115 1926 mens
1138 1860 1243 1924 ousia
1267 1863 1318 1925 est
1339 1860 1358 1922 i.
1378 1877 1400 1922 e.

179 1987 325 2065 tversans
341 1969 375 2032 in
391 1956 578 2051 angoribus'
597 1968 747 2052 (Bachr.)‚
771 1969 875 2050 qualis
897 1967 1088 2048 describitur
1102 1967 1241 2032 Ariadne
1259 1987 1284 2032 e.
1300 1964 1399 2030 LXIV

179 2083 243 2142 203
274 2076 308 2138 in
337 2095 392 2140 ora
420 2078 513 2140 vasta
542 2075 661 2158 perfide
691 2075 833 2151 deserta,
866 2075 1074 2171 tsupplicium
1099 2075 1202 2139 saevis
1233 2091 1399 2157 exposcens

178 2183 270 2246 anxia
297 2179 406 2246 faotis’
439 2186 472 2246 et
506 2182 625 2278 (inops,
655 2182 785 2259 ardens,
817 2182 937 2246 amenti
967 2199 1061 2245 caeca
1091 2168 1211 2245 furore‘
1246 2179 1399 2261 querellas

176 2287 322 2365 fundens,
346 2288 477 2352 deorum
499 2289 596 2353 fidem
619 2291 652 2353 et
674 2289 830 2352 ultionem
846 2306 1016 2371 exposcens
1040 2287 1260 2368 of.v.196sq.
1287 2294 1347 2352 190
1357 2304 1399 2366 sq.

267 2500 328 2566 Sed
353 2520 409 2565 our
432 2502 490 2566 has
513 2503 598 2584 ipsas
622 2502 702 2566 duas
734 2502 931 2567 condiciones
954 2502 1072 2567 Melius
1095 2500 1272 2566 nominavit
1294 2501 1328 2562 in
1349 2517 1400 2582 pe-

177 2608 288 2672 titione
328 2610 410 2671 sua?
465 2606 551 2686 Quid
589 2609 673 2690 quod
712 2629 728 2672 e
767 2610 880 2692 prioris
919 2610 1005 2674 illius
1040 2609 1230 2674 condicionis
1267 2623 1400 2672 comme·

175 2714 367 2791 moratione,
400 2714 538 2796 coniugii
560 2714 659 2792 beati,
682 2715 793 2780 statim
817 2717 955 2780 eminere
979 2715 1105 2780 videtur
1126 2734 1252 2780 morum
1275 2715 1331 2778 illa
1354 2731 1400 2776 se-

175 2823 309 2900 veritas,
347 2840 445 2904 quam
474 2821 620 2886 Veronae
649 2840 775 2904 quoque
805 2841 875 2886 esse
906 2822 939 2884 in
968 2842 997 2886 v.
1029 2830 1173 2888 27-30
1204 2820 1399 2904 significabat

176 2929 294 2993 Melius
317 2930 351 2992 in
374 2930 492 2994 litteris
517 2929 583 2993 suis
599 2931 632 2992 et
647 2946 746 3010 quam
769 2931 840 2993 tota
862 2929 918 2992 illa
939 2928 1054 2993 Italiae
1079 2929 1248 3012 superioris
1264 2927 1398 3009 regione,

176 3037 231 3100 ubi
252 3037 370 3101 Melius
405 3036 569 3101 habitasse
605 3035 729 3100 videtur
760 3036 901 3116 itemque
936 3035 1032 3100 huius
1062 3035 1184 3100 amicus
1212 3034 1398 3116 incognitus,

175 3141 274 3207 fuisse
298 3143 446 3208 credibile
471 3145 529 3207 est.
575 3141 623 3206 De
639 3141 747 3205 Brixia
762 3141 886 3206 Plinius
910 3142 1130 3206 testimonium
1152 3141 1283 3225 praebet
1304 3141 1337 3203 in
1354 3159 1398 3221 ep.

174 3248 246 3313 114
271 3248 308 3312 cf.
323 3249 529 3314 Friedlainder
551 3249 588 3312 Ι6
611 3268 640 3331 p.
657 3255 730 3314 462.
763 3247 963 3330 Omninoque
978 3249 1092 3312 Italiae
1117 3248 1286 3331 superioris
1307 3247 1398 3310 urbes

174 3374 300 3420 morum
324 3357 528 3440 simplicitate
553 3358 586 3421 et
610 3356 779 3420 severitate
803 3357 896 3420 notas
919 3354 1017 3420 fuisse
1042 3357 1270 3420 commemorat
1293 3349 1397 3417 Fried-

173 3461 285 3526 ldnder
306 3463 343 3527 1⁶
365 3483 395 3546 p.
420 3473 471 3529 27.

264 3569 331 3634 Nec
353 3570 457 3651 magis
482 3570 583 3634 altera
606 3569 756 3646 condicio,
780 3587 861 3650 quae
885 3568 926 3632 ad
948 3569 1057 3652 poesin
1079 3569 1226 3651 pertinet,
1251 3568 1290 3632 ab
1305 3566 1397 3630 buius

175 3676 312 3758 regionis
340 3677 429 3740 cultu
457 3676 686 3757 bominumque
716 3677 772 3759 qui
793 3676 837 3740 ibi
859 3675 1048 3741 habitabant
1074 3660 1322 3772 tuenustiorurn'
1348 3690 1398 3736 vo-

174 3784 352 3848 luntatibus
380 3782 560 3863 studiisque
591 3782 764 3847 abhorrens
796 3784 853 3847 ant
884 3783 988 3846 ebena
1016 3781 1117 3846 videri
1145 3783 1261 3864 potest.
1317 3780 1396 3844 Nam

173 3890 248 3954 inde
272 3908 310 3954 ea
333 3892 438 3954 aetate
463 3889 536 3955 novi
557 3891 669 3973 poetae
689 3890 898 3971 hominesque
913 3889 1096 3954 litterarum
1119 3887 1225 3971 cupidi
1240 3888 1274 3952 in
1290 3888 1396 3953 urbem

173 4000 336 4070 venerant,
360 4000 397 4061 ut
418 3998 462 4061 Μ.
485 3997 601 4061 Furius
624 3996 798 4061 Bibaculus
822 3999 854 4061 et
877 3995 1053 4075 Quintilius
1077 3995 1184 4060 Varus
1209 3993 1395 4060 Cremonen·

174 4121 234 4180 ses,
258 4103 422 4169 Gemellus
446 4104 553 4187 Nepos
579 4102 672 4198 tPadi
688 4093 821 4180 accqu’,
843 4103 994 4168 Valerius
1011 4101 1100 4180 Cato,
1126 4101 1196 4198 ‘qai
1219 4101 1306 4165 selus
1322 4099 1396 4182 legit

176 4227 213 4273 ac
234 4208 309 4274 fecit
331 4198 469 4293 poetas,
493 4209 640 4275 Catullus
663 4209 865 4286 Veronensis,
889 4210 943 4274 alii
964 4211 1089 4292 postea,
1113 4210 1151 4274 ut
1174 4225 1212 4272 er
1233 4207 1289 4271 illa
1313 4211 1396 4271 terra
