2934 4742
47 393 90 470 fit,
112 394 177 457 nisi
201 397 238 459 ut
261 396 448 477 expleantur
473 407 554 477 ¹quae
577 397 611 460 in
633 399 792 479 prooemio
823 399 949 482 incepta
980 403 1064 467 sunt.
1110 403 1275 471 Vocabula

49 501 146 581 igitur
173 489 320 596 ‘munus'
347 504 380 566 et
404 490 535 594 ‘officia'
562 522 636 568 cum
658 506 811 586 prooemii
834 506 1063 588 significatione
1095 510 1146 576 hic
1175 513 1275 595 repeti

46 607 113 672 iure
138 608 232 673 Riese
257 627 330 673 cnm
353 609 424 672 aliis
448 609 523 673 viris
548 609 648 674 doctis
673 611 835 676 contendit
858 612 897 677 cf.
920 634 950 696 p.
974 622 1048 681 218.

133 715 227 780 Hanc
251 717 360 780 autem
384 716 517 797 elegiam
542 735 576 780 se
592 717 719 781 mittere
736 716 812 782 dicit
835 721 931 802 poeta
946 721 1122 786 multorum
1139 724 1274 792 aliorum

46 820 220 886 officiorum
248 822 316 887 loco
352 823 371 885 i.
401 840 426 885 e.
455 821 530 903 quia
565 823 627 886 alia
649 824 754 887 multa
785 824 814 888 ei
847 828 1010 907 praestare
1044 829 1270 910 prohibeatur;

47 928 163 1008 quibus
189 929 294 993 verbis
324 928 426 992 denuo
456 948 518 992 non
549 929 652 993 solum
683 930 763 994 illud
795 933 939 1010 excusat,
971 933 1054 1014 quod
1084 935 1177 1017 plura
1207 937 1273 1003 sive

44 1035 149 1098 multa
179 1035 320 1099 carmina
350 1035 411 1099 sibi
438 1038 566 1118 praesto
600 1055 664 1100 non
698 1036 779 1114 sint,
815 1037 871 1102 sed
906 1039 1003 1104 etiam
1038 1043 1273 1108 excusationem

44 1159 138 1206 suam
162 1142 195 1204 in
219 1142 322 1205 maius
347 1143 453 1222 auget,
477 1161 550 1206 cum
574 1141 651 1206 dicit
674 1143 701 1206 si
723 1142 793 1208 fieri
814 1145 925 1226 possit,
949 1164 982 1210 se
1005 1147 1089 1211 mult
1075 1150 1109 1212 ta
1126 1149 1155 1212 ei
1170 1148 1273 1214 officia

43 1248 185 1312 tribuere
219 1249 369 1331 paratum
404 1267 482 1312 esse.
533 1248 624 1312 Idem
658 1249 723 1314 fere
757 1250 941 1316 indicabant
974 1256 1125 1336 prooemii
1159 1275 1273 1320 versus

42 1355 185 1437 proxime
209 1355 327 1436 elegiae
349 1355 585 1438 praecedentes,
609 1357 724 1438 quibus
748 1376 781 1421 se
804 1376 864 1422 neo
911 1347 1060 1424 munera'
1093 1362 1271 1427 desiderata

42 1461 184 1526 tribuere
208 1461 285 1525 dicit
307 1479 366 1526 nec
391 1447 545 1557 copiam'
571 1463 723 1545 praebere
746 1481 847 1545 posse,
879 1465 1029 1546 quoniam
1076 1487 1113 1532 ex
1144 1457 1270 1535 multis‘

41 1587 141 1632 unam
166 1568 293 1632 tantum
317 1569 480 1651 capsulam
504 1587 613 1632 secum
636 1568 761 1634 habeat.

130 1781 222 1844 Nihil
256 1800 328 1846 vero
362 1800 419 1845 nos
455 1781 539 1864 cogit
574 1781 695 1864 opinari
731 1782 876 1848 Veronae
911 1785 1041 1850 demum
1075 1787 1108 1850 id
1142 1807 1271 1854 carmen

39 1888 198 1971 scriptum
222 1907 299 1966 esse,
323 1891 361 1952 ut
382 1887 546 1953 Baehrens
574 1908 604 1970 p.
635 1897 698 1954 519
733 1908 748 1953 e
779 1890 923 1954 versibus
955 1900 1072 1974 97sqq.
1102 1893 1140 1959 de
1171 1895 1271 1960 fratre

5 2055 6 2058 ,
37 1996 70 2058 in
94 1995 192 2058 Troia
216 1996 340 2078 sepulto
364 1996 525 2060 concludit
547 1995 613 2059 his:

5 2113 6 2124 ¹
222 2103 320 2182 Quem
342 2122 428 2166 nnnc
451 2107 516 2166 inm
540 2101 629 2184 longe
651 2121 716 2166 non
739 2101 823 2166 inter
845 2105 920 2167 note
942 2103 1092 2186 sepntcrc

264 2208 332 2273 Nec
348 2229 451 2292 prope
474 2213 618 2290 cognatos
640 2209 844 2289 conpositum
867 2209 997 2288 cineris,

222 2315 286 2381 Sed
312 2317 414 2384 Troia
437 2317 577 2394 obscene,
605 2317 708 2382 Troia
730 2315 858 2398 infelice
881 2317 1041 2399 sepndtnrn

264 2421 395 2490 Detinet
417 2429 552 2489 extremo
574 2429 661 2488 terra
685 2423 793 2488 aliena
816 2424 889 2489 solo

36 2530 123 2594 Nam
157 2531 211 2612 qui
240 2531 286 2595 ita
252 2530 406 2606 tdicit,
438 2531 467 2595 ei
496 2532 575 2596 item
605 2531 726 2596 Romae
757 2531 859 2597 dicere
891 2532 1080 2598 conveniens
1111 2537 1160 2599 est
1189 2535 1270 2602 illud

52 2640 125 2701 tam
149 2624 257 2719 longe'
284 2639 316 2702 et
338 2636 433 2702 fateri
457 2657 531 2702 eum
554 2638 711 2716 dolorem,
735 2638 819 2720 quod
843 2638 942 2703 frater
969 2658 1033 2703 non
1058 2660 1170 2737 prope
1196 2662 1270 2726 cog·

34 2745 132 2808 natos
158 2731 292 2808 cineres’
319 2745 425 2828 sepult
427 2765 465 2810 us
490 2745 540 2809 sit.
518 2744 650 2810 tSed
674 2745 830 2827 quomodo
855 2745 955 2809 altero
978 2745 1047 2810 loco
1075 2767 1104 2810 v.
1129 2756 1268 2830 135sqq.

34 2869 185 2914 rumores
209 2850 247 2914 de
271 2851 385 2916 Lesbia
408 2851 570 2917 Veronam
593 2852 684 2916 allati
707 2852 887 2934 significent
887 2871 926 2914 ur
955 2851 993 2916 cf.
1016 2873 1046 2935 p.
1071 2858 1150 2930 537,
1181 2854 1270 2935 equi-

34 2958 110 3022 dem
135 2977 199 3022 non
223 2957 361 3041 dispicio.
407 2959 510 3023 Immo
535 2978 572 3023 ea
595 2978 645 3024 res
673 2960 738 3022 iam
769 2959 931 3042 explorata
961 2960 1030 3022 erat
1053 2958 1114 3024 Cat
1115 2960 1179 3023 ullo
1209 2979 1269 3025 nec

33 3064 184 3129 Veronae
209 3064 337 3129 demum
361 3068 532 3148 comperta,
557 3066 612 3130 sed
635 3066 764 3130 Romae.
804 3063 895 3143 Quod
918 3065 1059 3148 aperitur
1082 3073 1267 3148 v.13tsq.:

219 3170 308 3251 ane
330 3176 437 3235 iumen
460 3172 519 3236 cisi
541 3191 605 3236 nno
628 3191 692 3235 non
715 3175 760 3235 est
783 3173 927 3236 contento
952 3166 1089 3248 Octnllo,

262 3276 357 3341 Rura
379 3277 575 3342 verecundae
596 3277 689 3361 fnrin
706 3277 845 3358 feremus
860 3296 941 3342 erce.

31 3385 70 3449 cf.
103 3403 202 3466 supra
231 3403 261 3466 p.
293 3391 365 3450 109.
418 3384 588 3449 Praeterea
618 3384 673 3466 qui
699 3384 814 3466 legerit
853 3403 880 3448 v.
910 3391 1058 3462 31-40,
1087 3385 1121 3449 in
1151 3386 1267 3467 quibus

31 3491 186 3557 Catullus
209 3491 316 3574 potius
338 3491 419 3555 illud
443 3494 573 3556 excusat
597 3509 630 3555 se
657 3491 865 3588 tscriptorum
880 3510 943 3555 non
958 3510 1111 3573 magnam
1128 3480 1264 3575 copiam'

31 3617 147 3664 secum
171 3598 288 3663 habere
312 3617 473 3680 unamque
497 3599 626 3663 tantum
656 3598 821 3681 capsulam
850 3597 913 3662 huc
945 3616 978 3662 se
1008 3599 1116 3680 sequi,
1146 3599 1174 3662 is
1203 3618 1267 3667 non

30 3705 192 3787 cogitabit
214 3704 253 3769 de
278 3705 470 3770 carminibus
486 3705 632 3770 Veronae
647 3704 810 3782 faciendis,
833 3704 888 3768 sed
904 3704 970 3768 iam
986 3706 1081 3770 antea
1103 3704 1207 3770 factis.
1224 3743 1266 3752 -

28 3811 170 3877 Accedit
199 3812 283 3893 quod
312 3813 384 3876 tum
413 3831 432 3876 a
461 3812 563 3876 Musis
593 3811 699 3876 dolore
729 3811 892 3875 confectus
923 3812 1133 3876 revocabatur
1161 3830 1266 3894 neque

28 3920 162 4002 poterat
187 3917 311 4014 ‘dulces
335 3918 503 3983 Musarum
526 3936 706 4001 expromere
729 3916 814 3982 fetus
838 3935 929 3982 mens
954 3913 1076 3994 animi’,
1099 3919 1138 3981 ut
1160 3917 1267 3982 estin

29 4045 56 4090 c.
83 4023 172 4088 LXV
198 4033 293 4090 1-4.
715 4031 719 4038 ’

124 4131 210 4196 Nam
240 4130 368 4195 Verona
404 4149 440 4196 eo
477 4133 620 4214 tempore
659 4130 700 4194 ad
736 4131 854 4195 amicos
889 4129 988 4194 missa
1022 4131 1100 4195 sunt
1129 4127 1265 4195 fortasse
1303 4187 1307 4198 .

28 4238 177 4304 carmina
198 4237 287 4308 LXV
312 4239 344 4302 et
365 4237 472 4302 LXVI
503 4236 554 4320 (cl.
578 4235 614 4302 O.
643 4236 827 4302 Hameoker
857 4234 899 4300 N.
924 4234 1039 4302 Jaort.
1072 4243 1144 4306 127.
1169 4243 1264 4304 1883.

1013 4342 1051 4397 ge
