2928 4724
762 164 805 220 46

706 247 865 256 ----

709 370 791 431 quoe
813 348 1001 416 mollissimo
1022 350 1120 432 feodi

358 457 523 538 Tempora,
547 456 620 539 quis
642 456 735 521 rebus
757 457 866 521 dexter
887 456 998 522 modes

174 566 196 629 i.
220 584 246 630 e.
269 583 352 647 quae
374 563 463 629 tondi
485 565 629 647 tempora
651 563 839 628 mollissima
870 568 977 628 essent
1008 563 1215 642 deliberabat,
1245 565 1297 628 vel
1324 583 1397 629 cum

176 671 285 754 aliqua
298 671 429 736 actione
452 670 513 748 ita,
536 672 574 733 ut
597 670 760 752 genetivus
782 671 872 734 illea
898 658 1078 766 ‘temporis’
1103 671 1230 735 notione
1262 670 1398 755 pendeat

176 796 236 842 neo
259 777 385 842 omnino
414 777 526 840 similis
557 777 600 840 sit
625 776 704 841 haec
726 776 843 841 locutio
866 777 913 840 illi
939 779 1081 873 ‘tempus
1105 764 1168 842 eot'
1195 797 1268 842 oum
1296 777 1399 842 intini-

177 885 242 949 tiro
266 884 460 960 coniunctae,
484 901 564 965 quan
587 883 731 947 nonnulli
754 881 974 947 confuderunt.
1018 883 1091 947 Alia
1113 884 1212 965 igitur
1238 885 1321 948 ratio
1350 887 1400 949 est

177 990 291 1055 talium
314 990 468 1066 locorum,
496 990 606 1071 quales
629 991 706 1054 sunt
728 989 813 1072 apud
838 988 927 1055 Ovid.
950 991 983 1053 in
1013 991 1087 1054 met.
1117 989 1198 1054 XHI
1235 998 1316 1069 364,
1346 992 1401 1056 ubi

177 1096 287 1161 Ulixes
309 1097 344 1160 in
367 1097 507 1162 oratione
531 1096 570 1160 de
593 1096 766 1160 virtutibus
790 1097 857 1160 suis
879 1095 969 1160 Aiaci
991 1097 1070 1160 hoec
1091 1097 1271 1180 praedicet:
1315 1120 1320 1125 ·

360 1201 411 1266 lle
428 1222 578 1284 pugnare
597 1205 701 1282 potes:
718 1201 893 1283 pugnandi
915 1205 1057 1281 temporo
1079 1222 1199 1266 mecum

354 1307 461 1390 Eligit
481 1308 616 1373 Atrides
1047 1320 1051 1331 ’

178 1417 198 1479 i.
222 1434 248 1480 o.
271 1417 458 1489 occasiones,
481 1416 750 1499 opportunitates,
774 1415 894 1497 Vergil,
916 1415 950 1478 in
974 1414 1088 1497 Georg
1109 1416 1126 1479 Ι
1151 1424 1232 1482 253:

353 1522 553 1600 praediscere
576 1569 607 1584 ..
628 1520 632 1606 Ι
654 1569 684 1584 ..
708 1521 879 1602 mmstsqae
902 1520 985 1585 diem
1008 1525 1190 1602 tempusque
1210 1521 1357 1600 sereedi;

53 1597 55 1601 V
180 1627 265 1711 apud
286 1628 352 1691 Liv.
375 1628 500 1692 XXVII
522 1637 582 1705 41,
607 1638 624 1692 7
649 1662 692 1673 -
723 1646 818 1709 quern
847 1628 952 1693 locum
981 1628 1062 1692 falso
1092 1629 1323 1711 interpretatus
1352 1631 1401 1693 est

180 1734 314 1799 Kiihner
341 1736 361 1797 l.
384 1753 410 1798 c.
451 1769 495 1780 -
530 1739 654 1813 tenpus
687 1734 860 1815 ecoorpende'
894 1753 933 1798 ec
966 1733 1098 1798 insidiet
1132 1739 1160 1797 et
1193 1733 1401 1815 adgrediendi

182 1841 243 1923 [ite
278 1840 503 1905 Weissenborn
541 1841 689 1918 correxit,
720 1828 880 1937 ‘adgredi’
917 1859 1025 1905 merus
1061 1844 1111 1905 est
1143 1841 1265 1905 librarii
1299 1842 1399 1922 error]

179 1946 295 2010 hostem
322 1946 371 2010 Τι’.
397 1944 571 2012 Claudiam
594 1945 740 2012 Asellum
762 1947 927 2011 terdonam
947 1945 1087 2012 militem
1109 1951 1138 2010 et
1161 1945 1198 2010 P.
1225 1943 1401 2012 Claudiam

174 2051 375 2134 praefectum
396 2054 516 2118 socium
539 2055 649 2132 edocet,
672 2073 750 2135 qnos
772 2074 843 2118 cum
865 2054 910 2118 tos
931 2054 1075 2119 mo'ttebot
1097 2055 1115 2116 i.
1139 2073 1165 2118 e.
1188 2057 1399 2137 opportunum

180 2160 332 2242 temporis
356 2162 555 2224 momentum
578 2161 706 2225 indicat.

271 2264 360 2344 Quae
390 2285 464 2331 curn
493 2267 539 2330 ito
562 2267 627 2331 sint
652 2269 794 2362 ttempus
825 2269 875 2332 est
904 2267 980 2350 (me)
1004 2253 1149 2348 surgere'
1182 2267 1341 2348 signifieat
1369 2287 1400 2330 es

98 2415 104 2428 ·
180 2371 223 2436 ist
246 2390 291 2435 oc
314 2371 370 2436 der
393 2371 473 2450 Zee't,
497 2391 528 2436 es
549 2372 593 2435 ist
615 2371 693 2454 (fiir
714 2371 818 2456 micio)
842 2371 922 2450 Zeo't,
946 2371 1152 2452 catenatedeo
1175 2392 1220 2438 ex.
1250 2393 1297 2456 gr.
1328 2375 1399 2456 quia

182 2479 260 2542 satis
292 2478 347 2542 diu
377 2477 533 2553 sedimus;
559 2481 701 2574 ‘tempus
732 2481 782 2543 est
811 2469 974 2560 surgendi’
1008 2497 1039 2542 es
1066 2479 1108 2542 e'et
1131 2479 1211 2560 jetet
1240 2479 1293 2543 die
1321 2480 1399 2557 Zeit,

185 2583 385 2666 Gelepeadee't
406 2603 479 2648 eam
492 2583 678 2665 Aufstehco,
703 2587 779 2667 quia
793 2605 878 2650 nunc
902 2585 933 2648 id
956 2604 1013 2669 per
1035 2585 1181 2650 idoneam
1205 2587 1399 2651 occasionem

181 2692 233 2756 vel
255 2692 524 2775 opportunitatem
548 2691 669 2757 officere
693 2693 783 2767 lieet;
808 2696 858 2756 est
880 2693 996 2774 igitur:
1020 2713 1053 2756 es
1075 2693 1118 2756 iot
1144 2693 1218 2774 jetet
1240 2693 1294 2757 eo're
1321 2698 1398 2776 peire-

181 2799 279 2881 oto'per
302 2797 482 2880 Zettpealot,
501 2799 659 2878 poscenda
682 2799 755 2863 Zett
776 2818 849 2863 eum
870 2797 1056 2879 Acfsteloea.
1104 2798 1183 2864 Orto
1214 2802 1325 2864 autern
1354 2801 1400 2864 est

183 2924 221 2970 ea
242 2906 407 2970 notionum
430 2903 607 2970 differentia
630 2925 755 2971 ecatus
779 2907 917 2988 genetivi
940 2908 972 2970 et
995 2907 1094 2970 dativi
1118 2907 1243 2970 diversa
1265 2908 1399 2971 notione.

181 3011 363 3077 Infinitivua
387 3012 471 3076 enim
495 3013 578 3076 siout
606 3013 639 3075 in
669 3030 782 3094 graeca
811 3013 923 3094 lingua
953 3013 1031 3076 item
1063 3014 1096 3076 in
1126 3013 1226 3077 latino
1256 3031 1276 3076 a
1306 3013 1401 3078 dativi

182 3118 285 3182 forma
315 3122 406 3182 ortus
435 3119 530 3183 huius
561 3137 653 3183 casus
682 3120 844 3184 notionem
872 3119 1022 3196 retinuit,
1052 3137 1115 3201 qua
1144 3137 1215 3184 eam
1246 3121 1399 3185 actionem

186 3224 351 3306 significat,
375 3224 416 3289 od
440 3244 538 3307 quarn
559 3244 671 3290 versus
694 3226 727 3289 id
749 3227 876 3308 tempus
900 3226 939 3290 de
963 3244 1025 3307 quo
1049 3225 1155 3306 agitur
1177 3225 1284 3307 aliquo
1312 3226 1401 3291 modo

184 3330 339 3412 derigitur
363 3331 428 3396 sive
460 3331 501 3395 ed
530 3349 628 3413 quum
655 3334 821 3397 revocatur
853 3331 904 3416 (de
935 3350 997 3413 quo
1025 3331 1253 3396 infinitivorum
1280 3334 1400 3398 ratione

183 3436 254 3502 vide
285 3438 390 3520 copias
418 3438 454 3500 ll.
477 3437 641 3501 Wilhelmi
671 3439 710 3502 de
737 3437 885 3502 infinitivi
909 3486 916 3500 .
940 3485 947 3500 .
970 3437 1073 3502 forma
1103 3441 1138 3502 et
1164 3457 1234 3502 usu.
1279 3437 1400 3504 Benaci

186 3542 295 3628 1872).
331 3542 395 3608 Sed
417 3544 445 3608 oi
471 3562 528 3627 per
557 3545 739 3625 genetivum
768 3544 883 3609 dicitur
914 3544 1065 3628 surgendi
1095 3563 1164 3610 esse
1193 3548 1338 3628 tempus,
1366 3562 1401 3610 aa

185 3650 267 3714 actio
290 3650 495 3732 significatur,
520 3669 601 3732 quae
623 3651 750 3734 propria
772 3653 823 3716 est
846 3653 914 3716 eius
929 3652 1091 3735 temporis.
1126 3650 1326 3734 Omninoque
1349 3651 1399 3733 qui

187 3747 366 3853 tloquendi,
396 3757 593 3839 colloquendi
629 3757 725 3822 finem
761 3747 877 3823 faoero'
919 3761 952 3822 et
985 3759 1124 3855 ‘iniuriis
1157 3758 1255 3822 finem
1283 3743 1410 3830 faceres

184 3864 330 3944 talesque
346 3863 520 3929 locutiones
536 3864 689 3942 intuetur,
714 3883 811 3947 quarn
825 3865 1021 3948 propinquae
1037 3866 1170 3930 intense
1187 3866 1253 3929 sint
1268 3863 1399 3947 genetivi

189 3971 222 4034 et
244 3969 344 4034 dativi
367 3988 459 4034 casus
482 3971 627 4034 notiones
656 3971 834 4053 intelleget,
864 3971 961 4035 simul
989 3973 1099 4035 autem
1127 3971 1208 4035 illud
1238 3970 1399 4053 cognoscet

189 4076 241 4141 rel
262 4076 415 4141 maiorem
438 4077 489 4142 vel
506 4078 666 4169 ¹minorem
689 4078 883 4144 intercedere
906 4078 1043 4142 notionis
1067 4077 1294 4142 &versitatum
