<?xml version="1.0" encoding="UTF-8"?>
<!DOCTYPE html PUBLIC "-//W3C//DTD XHTML 1.0 Transitional//EN"
    "http://www.w3.org/TR/xhtml1/DTD/xhtml1-transitional.dtd">
<html xmlns="http://www.w3.org/1999/xhtml" xml:lang="en" lang="en">
 <head>
  <title>
</title>
<meta http-equiv="Content-Type" content="text/html;charset=utf-8" />
  <meta name='ocr-system' content='tesseract 3.04.00' />
  <meta name='ocr-capabilities' content='ocr_page ocr_carea ocr_par ocr_line ocrx_word'/>
</head>
<body>
  <div class='ocr_page' id='page_1' title='image "./quaestonescatul00webegoog_0018.png"; bbox 0 0 2928 4724; ppageno 0'>
   <div class='ocr_carea' id='block_1_1' title="bbox 638 205 656 264">
    <p class='ocr_par' dir='ltr' id='par_1_1' title="bbox 638 205 656 264">
     <span class='ocr_line' id='line_1_1' title="bbox 638 205 656 264; baseline 0 0"><span class='ocrx_word' id='word_1_1' title='bbox 638 205 656 264; x_wconf 84' lang='lat'><strong>3</strong></span> 
     </span>
    </p>
   </div>
   <div class='ocr_carea' id='block_1_2' title="bbox 47 393 1258 480">
    <p class='ocr_par' dir='ltr' id='par_1_2' title="bbox 47 393 1258 480">
     <span class='ocr_line' id='line_1_2' title="bbox 47 393 1258 480; baseline 0.003 -22"><span class='ocrx_word' id='word_1_2' title='bbox 47 413 135 476; x_wconf 90' lang='lat' dir='ltr'>qnam</span> <span class='ocrx_word' id='word_1_3' title='bbox 156 395 252 477; x_wconf 81' lang='lat' dir='ltr'><strong>probe</strong></span> <span class='ocrx_word' id='word_1_4' title='bbox 276 393 451 458; x_wconf 89' lang='lat' dir='ltr'>tenendum</span> <span class='ocrx_word' id='word_1_5' title='bbox 482 411 550 458; x_wconf 88' lang='grc'><strong>1111</strong></span> <span class='ocrx_word' id='word_1_6' title='bbox 573 393 653 458; x_wconf 91' lang='lat' dir='ltr'>mihi</span> <span class='ocrx_word' id='word_1_7' title='bbox 677 412 802 475; x_wconf 90' lang='lat' dir='ltr'>quoque</span> <span class='ocrx_word' id='word_1_8' title='bbox 826 395 952 460; x_wconf 88' lang='lat' dir='ltr'>videtur</span> <span class='ocrx_word' id='word_1_9' title='bbox 974 395 1063 474; x_wconf 89' lang='lat' dir='ltr'>illud,</span> <span class='ocrx_word' id='word_1_10' title='bbox 1093 399 1177 480; x_wconf 90' lang='lat' dir='ltr'>qnod</span> <span class='ocrx_word' id='word_1_11' title='bbox 1198 419 1258 462; x_wconf 90' lang='lat' dir='ltr'>nn-</span> 
     </span>
    </p>
   </div>
   <div class='ocr_carea' id='block_1_3' title="bbox 45 499 1259 1225">
    <p class='ocr_par' dir='ltr' id='par_1_3' title="bbox 45 499 1259 1225">
     <span class='ocr_line' id='line_1_3' title="bbox 45 499 1257 588; baseline 0.004 -22"><span class='ocrx_word' id='word_1_12' title='bbox 45 502 171 584; x_wconf 89' lang='lat' dir='ltr'>perrime</span> <span class='ocrx_word' id='word_1_13' title='bbox 194 501 297 565; x_wconf 89' lang='lat' dir='ltr'>denno</span> <span class='ocrx_word' id='word_1_14' title='bbox 320 501 444 564; x_wconf 90' lang='lat' dir='ltr'>monuit</span> <span class='ocrx_word' id='word_1_15' title='bbox 461 500 670 566; x_wconf 86' lang='lat' dir='ltr'>Wilamowitz</span> <span class='ocrx_word' id='word_1_16' title='bbox 693 499 813 580; x_wconf 76' lang='lat' dir='ltr'>Euripo.</span> <span class='ocrx_word' id='word_1_17' title='bbox 837 500 995 566; x_wconf 74' lang='lat' dir='ltr'><em>Herakles</em></span> <span class='ocrx_word' id='word_1_18' title='bbox 1016 503 1050 568; x_wconf 91' lang='lat' dir='ltr'>H</span> <span class='ocrx_word' id='word_1_19' title='bbox 1074 525 1103 588; x_wconf 92' lang='lat' dir='ltr'>p.</span> <span class='ocrx_word' id='word_1_20' title='bbox 1128 513 1257 583; x_wconf 68' lang='grc'><strong>11111</strong></span> 
     </span>
     <span class='ocr_line' id='line_1_4' title="bbox 45 606 1190 691; baseline 0.003 -19"><span class='ocrx_word' id='word_1_21' title='bbox 45 608 97 672; x_wconf 83' lang='lat' dir='ltr'>doe</span> <span class='ocrx_word' id='word_1_22' title='bbox 116 606 265 689; x_wconf 76' lang='lat' dir='ltr'>yefdllipe</span> <span class='ocrx_word' id='word_1_23' title='bbox 287 607 331 670; x_wconf 85' lang='lat' dir='ltr'>ist</span> <span class='ocrx_word' id='word_1_24' title='bbox 352 607 390 670; x_wconf 77' lang='lat' dir='ltr'>ia</span> <span class='ocrx_word' id='word_1_25' title='bbox 412 607 468 672; x_wconf 82' lang='lat' dir='ltr'>dee</span> <span class='ocrx_word' id='word_1_26' title='bbox 490 606 590 672; x_wconf 82' lang='lat' dir='ltr'>loritilo</span> <span class='ocrx_word' id='word_1_27' title='bbox 611 607 686 672; x_wconf 76' lang='lat' dir='ltr'>loeta</span> <span class='ocrx_word' id='word_1_28' title='bbox 708 607 1025 691; x_wconf 75' lang='lat' dir='ltr'>aasacbluppebeadas</span> <span class='ocrx_word' id='word_1_29' title='bbox 1048 615 1190 675; x_wconf 78' lang='lat' dir='ltr'>moment.</span> 
     </span>
     <span class='ocr_line' id='line_1_5' title="bbox 103 714 1258 798; baseline 0.004 -20"><span class='ocrx_word' id='word_1_30' title='bbox 103 715 281 792; x_wconf 86' lang='lat' dir='ltr'>Praeterea,</span> <span class='ocrx_word' id='word_1_31' title='bbox 303 714 336 778; x_wconf 93' lang='lat' dir='ltr'>id</span> <span class='ocrx_word' id='word_1_32' title='bbox 361 714 444 796; x_wconf 91' lang='lat' dir='ltr'>quod</span> <span class='ocrx_word' id='word_1_33' title='bbox 466 715 608 779; x_wconf 89' lang='lat' dir='ltr'>nondum</span> <span class='ocrx_word' id='word_1_34' title='bbox 631 734 667 780; x_wconf 89' lang='lat' dir='ltr'>eo</span> <span class='ocrx_word' id='word_1_35' title='bbox 690 734 791 797; x_wconf 89' lang='lat' dir='ltr'>usque</span> <span class='ocrx_word' id='word_1_36' title='bbox 807 715 1005 798; x_wconf 88' lang='lat' dir='ltr'>patefactum</span> <span class='ocrx_word' id='word_1_37' title='bbox 1028 721 1085 795; x_wconf 92' lang='lat' dir='ltr'>est,</span> <span class='ocrx_word' id='word_1_38' title='bbox 1109 720 1258 783; x_wconf 90' lang='lat' dir='ltr'>utnulla</span> 
     </span>
     <span class='ocr_line' id='line_1_6' title="bbox 45 821 1257 907; baseline 0.002 -21"><span class='ocrx_word' id='word_1_39' title='bbox 45 822 237 904; x_wconf 82' lang='lat' dir='ltr'>relinquatur</span> <span class='ocrx_word' id='word_1_40' title='bbox 259 821 435 886; x_wconf 80' lang='lat' dir='ltr'>obscuritas</span> <span class='ocrx_word' id='word_1_41' title='bbox 458 823 516 886; x_wconf 91' lang='lat' dir='ltr'>aut</span> <span class='ocrx_word' id='word_1_42' title='bbox 537 821 703 899; x_wconf 77' lang='lat' dir='ltr'>dubitatio,</span> <span class='ocrx_word' id='word_1_43' title='bbox 724 823 784 887; x_wconf 90' lang='lat' dir='ltr'>hoo</span> <span class='ocrx_word' id='word_1_44' title='bbox 807 840 935 888; x_wconf 90' lang='lat' dir='ltr'>carmen</span> <span class='ocrx_word' id='word_1_45' title='bbox 952 823 1101 907; x_wconf 83' lang='lat' dir='ltr'>Sapphici</span> <span class='ocrx_word' id='word_1_46' title='bbox 1124 824 1257 890; x_wconf 91' lang='lat' dir='ltr'>alicuius</span> 
     </span>
     <span class='ocr_line' id='line_1_7' title="bbox 46 927 1259 1013; baseline 0.002 -22"><span class='ocrx_word' id='word_1_47' title='bbox 46 928 205 1010; x_wconf 79' lang='lat' dir='ltr'>hymenaei</span> <span class='ocrx_word' id='word_1_48' title='bbox 221 927 400 1010; x_wconf 90' lang='lat' dir='ltr'>exemplum</span> <span class='ocrx_word' id='word_1_49' title='bbox 416 945 484 993; x_wconf 90' lang='lat' dir='ltr'>esse</span> <span class='ocrx_word' id='word_1_50' title='bbox 507 947 564 1010; x_wconf 89' lang='lat' dir='ltr'>per</span> <span class='ocrx_word' id='word_1_51' title='bbox 578 927 730 992; x_wconf 87' lang='lat' dir='ltr'>Latinum</span> <span class='ocrx_word' id='word_1_52' title='bbox 746 947 923 994; x_wconf 90' lang='lat' dir='ltr'>sermonem</span> <span class='ocrx_word' id='word_1_53' title='bbox 940 930 1059 1013; x_wconf 88' lang='lat' dir='ltr'>optima</span> <span class='ocrx_word' id='word_1_54' title='bbox 1073 929 1135 994; x_wconf 86' lang='lat' dir='ltr'>fide</span> <span class='ocrx_word' id='word_1_55' title='bbox 1155 931 1259 994; x_wconf 91' lang='lat' dir='ltr'>reddi·</span> 
     </span>
     <span class='ocr_line' id='line_1_8' title="bbox 45 1033 1258 1118; baseline 0.003 -21"><span class='ocrx_word' id='word_1_56' title='bbox 45 1036 108 1098; x_wconf 91' lang='lat' dir='ltr'>tum</span> <span class='ocrx_word' id='word_1_57' title='bbox 131 1035 307 1099; x_wconf 82' lang='lat' dir='ltr'>obtinuisse</span> <span class='ocrx_word' id='word_1_58' title='bbox 330 1035 420 1099; x_wconf 90' lang='lat' dir='ltr'>nobis</span> <span class='ocrx_word' id='word_1_59' title='bbox 439 1034 592 1099; x_wconf 87' lang='lat' dir='ltr'>ridemur.</span> <span class='ocrx_word' id='word_1_60' title='bbox 623 1033 707 1113; x_wconf 81' lang='lat' dir='ltr'>Quid</span> <span class='ocrx_word' id='word_1_61' title='bbox 732 1033 816 1116; x_wconf 87' lang='lat' dir='ltr'>qnod</span> <span class='ocrx_word' id='word_1_62' title='bbox 839 1053 910 1100; x_wconf 93' lang='lat' dir='ltr'>eam</span> <span class='ocrx_word' id='word_1_63' title='bbox 934 1036 1082 1100; x_wconf 87' lang='lat' dir='ltr'>carminis</span> <span class='ocrx_word' id='word_1_64' title='bbox 1106 1037 1258 1118; x_wconf 83' lang='lat' dir='ltr'>originem</span> 
     </span>
     <span class='ocr_line' id='line_1_9' title="bbox 46 1139 1197 1225; baseline 0.002 -22"><span class='ocrx_word' id='word_1_65' title='bbox 46 1139 134 1206; x_wconf 86' lang='lat' dir='ltr'>inisse</span> <span class='ocrx_word' id='word_1_66' title='bbox 158 1159 261 1224; x_wconf 85' lang='lat' dir='ltr'>nuper</span> <span class='ocrx_word' id='word_1_67' title='bbox 284 1140 413 1205; x_wconf 90' lang='lat' dir='ltr'>demum</span> <span class='ocrx_word' id='word_1_68' title='bbox 436 1141 566 1222; x_wconf 85' lang='lat' dir='ltr'>negavit</span> <span class='ocrx_word' id='word_1_69' title='bbox 588 1141 753 1205; x_wconf 82' lang='lat' dir='ltr'>Baehrens</span> <span class='ocrx_word' id='word_1_70' title='bbox 776 1142 810 1206; x_wconf 91' lang='lat' dir='ltr'>in</span> <span class='ocrx_word' id='word_1_71' title='bbox 833 1144 1000 1206; x_wconf 88' lang='lat' dir='ltr'>comment.</span> <span class='ocrx_word' id='word_1_72' title='bbox 1023 1162 1052 1225; x_wconf 89' lang='lat' dir='ltr'>p.</span> <span class='ocrx_word' id='word_1_73' title='bbox 1077 1150 1140 1210; x_wconf 83' lang='lat'>335</span> <span class='ocrx_word' id='word_1_74' title='bbox 1151 1161 1197 1224; x_wconf 91' lang='lat' dir='ltr'>sq.</span> 
     </span>
    </p>
   </div>
   <div class='ocr_carea' id='block_1_4' title="bbox 631 1501 667 1585">
    <p class='ocr_par' dir='ltr' id='par_1_4' title="bbox 631 1501 667 1585">
     <span class='ocr_line' id='line_1_10' title="bbox 631 1501 667 1585; baseline 0.028 -1"><span class='ocrx_word' id='word_1_75' title='bbox 631 1501 667 1585; x_wconf 94' lang='grc' dir='ltr'>Ῑ.</span> 
     </span>
    </p>
   </div>
   <div class='ocr_carea' id='block_1_5' title="bbox 45 1673 1264 4213">
    <p class='ocr_par' dir='ltr' id='par_1_5' title="bbox 46 1673 1262 2821">
     <span class='ocr_line' id='line_1_11' title="bbox 127 1673 1258 1759; baseline 0.002 -19"><span class='ocrx_word' id='word_1_76' title='bbox 127 1673 192 1740; x_wconf 81' lang='lat' dir='ltr'>Sed</span> <span class='ocrx_word' id='word_1_77' title='bbox 221 1674 255 1737; x_wconf 92' lang='lat' dir='ltr'>in</span> <span class='ocrx_word' id='word_1_78' title='bbox 283 1674 333 1738; x_wconf 89' lang='lat' dir='ltr'>lris</span> <span class='ocrx_word' id='word_1_79' title='bbox 358 1674 610 1755; x_wconf 89' lang='lat' dir='ltr'>quaestionibus,</span> <span class='ocrx_word' id='word_1_80' title='bbox 640 1693 720 1756; x_wconf 91' lang='lat' dir='ltr'>quas</span> <span class='ocrx_word' id='word_1_81' title='bbox 750 1676 789 1739; x_wconf 90' lang='lat' dir='ltr'>ab</span> <span class='ocrx_word' id='word_1_82' title='bbox 818 1675 908 1739; x_wconf 88' lang='lat' dir='ltr'>initio</span> <span class='ocrx_word' id='word_1_83' title='bbox 940 1674 1068 1756; x_wconf 90' lang='lat' dir='ltr'>quidem</span> <span class='ocrx_word' id='word_1_84' title='bbox 1098 1678 1202 1759; x_wconf 89' lang='lat' dir='ltr'>parcis</span> <span class='ocrx_word' id='word_1_85' title='bbox 1226 1680 1258 1742; x_wconf 91' lang='lat' dir='ltr'>et</span> 
     </span>
     <span class='ocr_line' id='line_1_12' title="bbox 46 1775 1260 1865; baseline 0.003 -21"><span class='ocrx_word' id='word_1_86' title='bbox 46 1781 227 1847; x_wconf 89' lang='lat' dir='ltr'>necessariis</span> <span class='ocrx_word' id='word_1_87' title='bbox 256 1783 384 1846; x_wconf 89' lang='lat' dir='ltr'>tantum</span> <span class='ocrx_word' id='word_1_88' title='bbox 409 1781 564 1853; x_wconf 78' lang='lat' dir='ltr'>¹subsidiis</span> <span class='ocrx_word' id='word_1_89' title='bbox 593 1781 729 1846; x_wconf 91' lang='lat' dir='ltr'>literatis</span> <span class='ocrx_word' id='word_1_90' title='bbox 761 1800 839 1846; x_wconf 91' lang='lat' dir='ltr'>usus</span> <span class='ocrx_word' id='word_1_91' title='bbox 862 1781 1004 1858; x_wconf 90' lang='lat' dir='ltr'>institui,</span> <span class='ocrx_word' id='word_1_92' title='bbox 1027 1775 1260 1865; x_wconf 68' lang='lat' dir='ltr'>postremo‘re·</span> 
     </span>
     <span class='ocr_line' id='line_1_13' title="bbox 46 1887 1261 1974; baseline 0.002 -23"><span class='ocrx_word' id='word_1_93' title='bbox 46 1890 185 1953; x_wconf 90' lang='lat' dir='ltr'>censione</span> <span class='ocrx_word' id='word_1_94' title='bbox 210 1889 278 1952; x_wconf 92' lang='lat' dir='ltr'>eins</span> <span class='ocrx_word' id='word_1_95' title='bbox 310 1888 457 1952; x_wconf 90' lang='lat' dir='ltr'>carminis</span> <span class='ocrx_word' id='word_1_96' title='bbox 482 1889 628 1952; x_wconf 89' lang='lat' dir='ltr'>absoluta</span> <span class='ocrx_word' id='word_1_97' title='bbox 650 1887 715 1952; x_wconf 89' lang='lat' dir='ltr'>fere</span> <span class='ocrx_word' id='word_1_98' title='bbox 746 1891 779 1952; x_wconf 91' lang='grc'>11</span> <span class='ocrx_word' id='word_1_99' title='bbox 801 1889 900 1953; x_wconf 90' lang='lat' dir='ltr'>totius</span> <span class='ocrx_word' id='word_1_100' title='bbox 924 1889 1147 1971; x_wconf 86' lang='lat' dir='ltr'>disputationis</span> <span class='ocrx_word' id='word_1_101' title='bbox 1177 1892 1261 1974; x_wconf 88' lang='lat' dir='ltr'>eapi-</span> 
     </span>
     <span class='ocr_line' id='line_1_14' title="bbox 46 1994 1260 2083; baseline 0.002 -25"><span class='ocrx_word' id='word_1_102' title='bbox 46 1995 129 2083; x_wconf 18' lang='lat' dir='ltr'>tibns&#39;</span> <span class='ocrx_word' id='word_1_103' title='bbox 159 1994 343 2078; x_wconf 79' lang='lat' dir='ltr'>perscriptis</span> <span class='ocrx_word' id='word_1_104' title='bbox 372 1995 534 2060; x_wconf 90' lang='lat' dir='ltr'>neminem</span> <span class='ocrx_word' id='word_1_105' title='bbox 560 1995 701 2058; x_wconf 82' lang='lat' dir='ltr'>intellexi</span> <span class='ocrx_word' id='word_1_106' title='bbox 729 1996 887 2078; x_wconf 91' lang='lat' dir='ltr'>poematis</span> <span class='ocrx_word' id='word_1_107' title='bbox 917 1996 1132 2061; x_wconf 89' lang='lat' dir='ltr'>condicionem</span> <span class='ocrx_word' id='word_1_108' title='bbox 1163 1998 1260 2080; x_wconf 89' lang='lat' dir='ltr'>scrip-</span> 
     </span>
     <span class='ocr_line' id='line_1_15' title="bbox 47 2101 1260 2183; baseline 0.003 -20"><span class='ocrx_word' id='word_1_109' title='bbox 47 2103 195 2183; x_wconf 90' lang='lat' dir='ltr'>turaeque</span> <span class='ocrx_word' id='word_1_110' title='bbox 225 2101 304 2166; x_wconf 88' lang='lat' dir='ltr'>vitia</span> <span class='ocrx_word' id='word_1_111' title='bbox 332 2101 451 2166; x_wconf 87' lang='lat' dir='ltr'>rectius</span> <span class='ocrx_word' id='word_1_112' title='bbox 481 2101 662 2182; x_wconf 84' lang='lat' dir='ltr'>cognovisse</span> <span class='ocrx_word' id='word_1_113' title='bbox 694 2119 791 2182; x_wconf 90' lang='lat' dir='ltr'>qnam</span> <span class='ocrx_word' id='word_1_114' title='bbox 814 2102 854 2167; x_wconf 89' lang='grc' dir='ltr'>Κ.</span> <span class='ocrx_word' id='word_1_115' title='bbox 876 2101 1073 2166; x_wconf 85' lang='lat' dir='ltr'>Pleitnerum</span> <span class='ocrx_word' id='word_1_116' title='bbox 1099 2103 1133 2165; x_wconf 91' lang='lat' dir='ltr'>in</span> <span class='ocrx_word' id='word_1_117' title='bbox 1154 2103 1260 2167; x_wconf 93' lang='lat' dir='ltr'>libello</span> 
     </span>
     <span class='ocr_line' id='line_1_16' title="bbox 48 2193 1259 2289; baseline 0.001 -18"><span class='ocrx_word' id='word_1_118' title='bbox 48 2227 70 2271; x_wconf 90' lang='lat' dir='ltr'>a.</span> <span class='ocrx_word' id='word_1_119' title='bbox 94 2217 178 2275; x_wconf 86' lang='lat'>1858</span> <span class='ocrx_word' id='word_1_120' title='bbox 208 2208 291 2272; x_wconf 93' lang='lat' dir='ltr'>edito</span> <span class='ocrx_word' id='word_1_121' title='bbox 319 2207 373 2272; x_wconf 83' lang='lat' dir='ltr'>des</span> <span class='ocrx_word' id='word_1_122' title='bbox 402 2207 436 2288; x_wconf 76' lang='lat' dir='ltr'>Q.</span> <span class='ocrx_word' id='word_1_123' title='bbox 468 2205 619 2271; x_wconf 80' lang='lat' dir='ltr'>Valerios</span> <span class='ocrx_word' id='word_1_124' title='bbox 643 2204 792 2270; x_wconf 79' lang='lat' dir='ltr'>Catullus</span> <span class='ocrx_word' id='word_1_125' title='bbox 816 2206 1125 2289; x_wconf 76' lang='lat' dir='ltr'>Hoebaao&#39;tspesdape.</span> <span class='ocrx_word' id='word_1_126' title='bbox 1151 2193 1259 2272; x_wconf 66' lang='lat' dir='ltr'>¹(iea-</span> 
     </span>
     <span class='ocr_line' id='line_1_17' title="bbox 46 2311 1260 2395; baseline 0.004 -21"><span class='ocrx_word' id='word_1_127' title='bbox 46 2313 308 2395; x_wconf 82' lang='lat' dir='ltr'>toloto&#39;oassebre&#39;ft</span> <span class='ocrx_word' id='word_1_128' title='bbox 339 2313 396 2394; x_wconf 76' lang='lat' dir='ltr'>fate</span> <span class='ocrx_word' id='word_1_129' title='bbox 425 2311 552 2379; x_wconf 79' lang='lat' dir='ltr'>Friedr.</span> <span class='ocrx_word' id='word_1_130' title='bbox 581 2312 742 2377; x_wconf 79' lang='lat' dir='ltr'>Tbieeseb.</span> <span class='ocrx_word' id='word_1_131' title='bbox 789 2311 965 2394; x_wconf 79' lang='lat' dir='ltr'>Dillo&#39;apea.</span> <span class='ocrx_word' id='word_1_132' title='bbox 1019 2313 1122 2378; x_wconf 83' lang='lat' dir='ltr'>Simul</span> <span class='ocrx_word' id='word_1_133' title='bbox 1152 2318 1260 2380; x_wconf 87' lang='lat' dir='ltr'>autem</span> 
     </span>
     <span class='ocr_line' id='line_1_18' title="bbox 46 2420 1260 2500; baseline 0.001 -16"><span class='ocrx_word' id='word_1_134' title='bbox 46 2421 118 2486; x_wconf 93' lang='lat' dir='ltr'>illud</span> <span class='ocrx_word' id='word_1_135' title='bbox 141 2422 222 2486; x_wconf 92' lang='lat' dir='ltr'>mihi</span> <span class='ocrx_word' id='word_1_136' title='bbox 238 2421 380 2486; x_wconf 86' lang='lat' dir='ltr'>constitit</span> <span class='ocrx_word' id='word_1_137' title='bbox 396 2421 447 2484; x_wconf 90' lang='lat' dir='ltr'>vix</span> <span class='ocrx_word' id='word_1_138' title='bbox 469 2421 565 2486; x_wconf 91' lang='lat' dir='ltr'>aliam</span> <span class='ocrx_word' id='word_1_139' title='bbox 589 2422 695 2485; x_wconf 87' lang='lat' dir='ltr'>extare</span> <span class='ocrx_word' id='word_1_140' title='bbox 720 2421 1020 2486; x_wconf 86' lang='lat' dir='ltr'>commentationem</span> <span class='ocrx_word' id='word_1_141' title='bbox 1036 2420 1260 2500; x_wconf 83' lang='lat' dir='ltr'>Catullianam,</span> 
     </span>
     <span class='ocr_line' id='line_1_19' title="bbox 46 2527 1261 2611; baseline 0 -19"><span class='ocrx_word' id='word_1_142' title='bbox 46 2529 75 2593; x_wconf 93' lang='lat' dir='ltr'>in</span> <span class='ocrx_word' id='word_1_143' title='bbox 104 2549 168 2611; x_wconf 88' lang='lat' dir='ltr'>qna</span> <span class='ocrx_word' id='word_1_144' title='bbox 204 2531 273 2592; x_wconf 90' lang='lat' dir='ltr'>tam</span> <span class='ocrx_word' id='word_1_145' title='bbox 303 2528 383 2592; x_wconf 90' lang='lat' dir='ltr'>miro</span> <span class='ocrx_word' id='word_1_146' title='bbox 410 2527 503 2592; x_wconf 93' lang='lat' dir='ltr'>modo</span> <span class='ocrx_word' id='word_1_147' title='bbox 531 2545 604 2592; x_wconf 91' lang='lat' dir='ltr'>cum</span> <span class='ocrx_word' id='word_1_148' title='bbox 634 2528 723 2592; x_wconf 88' lang='lat' dir='ltr'>vanis</span> <span class='ocrx_word' id='word_1_149' title='bbox 760 2529 793 2591; x_wconf 89' lang='lat' dir='ltr'>et</span> <span class='ocrx_word' id='word_1_150' title='bbox 819 2528 934 2610; x_wconf 90' lang='lat' dir='ltr'>ineptis</span> <span class='ocrx_word' id='word_1_151' title='bbox 966 2546 1041 2593; x_wconf 82' lang='lat' dir='ltr'>vera</span> <span class='ocrx_word' id='word_1_152' title='bbox 1068 2527 1199 2592; x_wconf 89' lang='lat' dir='ltr'>confusa</span> <span class='ocrx_word' id='word_1_153' title='bbox 1228 2530 1261 2592; x_wconf 95' lang='lat' dir='ltr'>et</span> 
     </span>
     <span class='ocr_line' id='line_1_20' title="bbox 47 2633 1262 2716; baseline -0.002 -16"><span class='ocrx_word' id='word_1_154' title='bbox 47 2638 125 2700; x_wconf 90' lang='lat' dir='ltr'>omni</span> <span class='ocrx_word' id='word_1_155' title='bbox 156 2636 308 2700; x_wconf 88' lang='lat' dir='ltr'>orationis</span> <span class='ocrx_word' id='word_1_156' title='bbox 337 2634 684 2716; x_wconf 85' lang='lat' dir='ltr'>argumentationisque</span> <span class='ocrx_word' id='word_1_157' title='bbox 718 2634 929 2698; x_wconf 88' lang='lat' dir='ltr'>concinnitate</span> <span class='ocrx_word' id='word_1_158' title='bbox 960 2634 1114 2698; x_wconf 86' lang='lat' dir='ltr'>destituta</span> <span class='ocrx_word' id='word_1_159' title='bbox 1142 2633 1262 2716; x_wconf 85' lang='lat' dir='ltr'>profer-</span> 
     </span>
     <span class='ocr_line' id='line_1_21' title="bbox 47 2740 1239 2821; baseline -0.002 -15"><span class='ocrx_word' id='word_1_160' title='bbox 47 2746 160 2808; x_wconf 88' lang='lat' dir='ltr'>rentur.</span> <span class='ocrx_word' id='word_1_161' title='bbox 208 2742 271 2807; x_wconf 88' lang='lat' dir='ltr'>Sed</span> <span class='ocrx_word' id='word_1_162' title='bbox 294 2760 415 2816; x_wconf 84' lang='lat' dir='ltr'>errores</span> <span class='ocrx_word' id='word_1_163' title='bbox 440 2741 508 2805; x_wconf 87' lang='lat' dir='ltr'>eins</span> <span class='ocrx_word' id='word_1_164' title='bbox 531 2741 591 2804; x_wconf 87' lang='lat' dir='ltr'>viri</span> <span class='ocrx_word' id='word_1_165' title='bbox 618 2743 651 2804; x_wconf 91' lang='lat' dir='ltr'>et</span> <span class='ocrx_word' id='word_1_166' title='bbox 673 2740 832 2804; x_wconf 84' lang='lat' dir='ltr'>vanitates</span> <span class='ocrx_word' id='word_1_167' title='bbox 856 2741 973 2821; x_wconf 91' lang='lat' dir='ltr'>ubique</span> <span class='ocrx_word' id='word_1_168' title='bbox 995 2740 1060 2805; x_wconf 83' lang='lat' dir='ltr'>fere</span> <span class='ocrx_word' id='word_1_169' title='bbox 1083 2741 1239 2804; x_wconf 88' lang='lat' dir='ltr'>omittam.</span> 
     </span>
    </p>

    <p class='ocr_par' dir='ltr' id='par_1_6' title="bbox 45 2846 1264 3664">
     <span class='ocr_line' id='line_1_22' title="bbox 128 2846 1262 2932; baseline -0.004 -17"><span class='ocrx_word' id='word_1_170' title='bbox 128 2853 235 2932; x_wconf 86' lang='lat' dir='ltr'>Atque</span> <span class='ocrx_word' id='word_1_171' title='bbox 259 2851 296 2913; x_wconf 94' lang='lat' dir='ltr'>nt</span> <span class='ocrx_word' id='word_1_172' title='bbox 312 2865 457 2928; x_wconf 90' lang='lat' dir='ltr'>quaeque</span> <span class='ocrx_word' id='word_1_173' title='bbox 481 2847 629 2911; x_wconf 88' lang='lat' dir='ltr'>carminis</span> <span class='ocrx_word' id='word_1_174' title='bbox 652 2864 726 2928; x_wconf 91' lang='lat' dir='ltr'>pars</span> <span class='ocrx_word' id='word_1_175' title='bbox 750 2847 818 2911; x_wconf 93' lang='lat' dir='ltr'>looo</span> <span class='ocrx_word' id='word_1_176' title='bbox 842 2846 1010 2924; x_wconf 81' lang='lat' dir='ltr'>antecedit,</span> <span class='ocrx_word' id='word_1_177' title='bbox 1032 2847 1079 2912; x_wconf 92' lang='lat' dir='ltr'>ita</span> <span class='ocrx_word' id='word_1_178' title='bbox 1102 2846 1140 2910; x_wconf 92' lang='lat' dir='ltr'>de</span> <span class='ocrx_word' id='word_1_179' title='bbox 1164 2865 1202 2911; x_wconf 91' lang='lat' dir='ltr'>ea</span> <span class='ocrx_word' id='word_1_180' title='bbox 1224 2865 1262 2911; x_wconf 90' lang='lat' dir='ltr'>ex</span> 
     </span>
     <span class='ocr_line' id='line_1_23' title="bbox 46 2951 1262 3036; baseline -0.004 -16"><span class='ocrx_word' id='word_1_181' title='bbox 46 2958 148 3022; x_wconf 90' lang='lat' dir='ltr'>ordine</span> <span class='ocrx_word' id='word_1_182' title='bbox 184 2956 244 3021; x_wconf 88' lang='lat' dir='ltr'>viri</span> <span class='ocrx_word' id='word_1_183' title='bbox 278 2955 362 3020; x_wconf 88' lang='lat' dir='ltr'>docti</span> <span class='ocrx_word' id='word_1_184' title='bbox 397 2955 559 3036; x_wconf 91' lang='lat' dir='ltr'>disputare</span> <span class='ocrx_word' id='word_1_185' title='bbox 594 2953 680 3016; x_wconf 90' lang='lat' dir='ltr'>soliti</span> <span class='ocrx_word' id='word_1_186' title='bbox 713 2955 805 3029; x_wconf 93' lang='lat' dir='ltr'>sunt,</span> <span class='ocrx_word' id='word_1_187' title='bbox 839 2953 927 3016; x_wconf 87' lang='lat' dir='ltr'>velut</span> <span class='ocrx_word' id='word_1_188' title='bbox 966 2951 1001 3017; x_wconf 91' lang='grc' dir='ltr'>Ο.</span> <span class='ocrx_word' id='word_1_189' title='bbox 1029 2953 1152 3016; x_wconf 82' lang='lat' dir='ltr'>Franks</span> <span class='ocrx_word' id='word_1_190' title='bbox 1187 2954 1208 3016; x_wconf 94' lang='lat' dir='ltr'>l.</span> <span class='ocrx_word' id='word_1_191' title='bbox 1236 2972 1262 3017; x_wconf 90' lang='lat' dir='ltr'>c.</span> 
     </span>
     <span class='ocr_line' id='line_1_24' title="bbox 45 3059 1263 3146; baseline -0.005 -18"><span class='ocrx_word' id='word_1_192' title='bbox 45 3084 71 3146; x_wconf 92' lang='lat' dir='ltr'>p.</span> <span class='ocrx_word' id='word_1_193' title='bbox 86 3071 218 3130; x_wconf 83' lang='lat'>44-48</span> <span class='ocrx_word' id='word_1_194' title='bbox 243 3063 305 3126; x_wconf 92' lang='lat' dir='ltr'>alii.</span> <span class='ocrx_word' id='word_1_195' title='bbox 351 3061 414 3126; x_wconf 80' lang='lat' dir='ltr'>Sed</span> <span class='ocrx_word' id='word_1_196' title='bbox 430 3061 485 3142; x_wconf 91' lang='lat' dir='ltr'>qni</span> <span class='ocrx_word' id='word_1_197' title='bbox 507 3061 553 3124; x_wconf 96' lang='grc'>111</span> <span class='ocrx_word' id='word_1_198' title='bbox 568 3060 764 3143; x_wconf 89' lang='lat' dir='ltr'>pedetentim</span> <span class='ocrx_word' id='word_1_199' title='bbox 788 3061 821 3124; x_wconf 91' lang='lat' dir='ltr'>et</span> <span class='ocrx_word' id='word_1_200' title='bbox 843 3059 1001 3141; x_wconf 86' lang='lat' dir='ltr'>gradatim</span> <span class='ocrx_word' id='word_1_201' title='bbox 1026 3060 1065 3124; x_wconf 87' lang='lat' dir='ltr'>ab</span> <span class='ocrx_word' id='word_1_202' title='bbox 1088 3059 1177 3123; x_wconf 93' lang='lat' dir='ltr'>initio</span> <span class='ocrx_word' id='word_1_203' title='bbox 1194 3078 1263 3123; x_wconf 91' lang='lat' dir='ltr'>car-</span> 
     </span>
     <span class='ocr_line' id='line_1_25' title="bbox 45 3166 1261 3254; baseline -0.003 -20"><span class='ocrx_word' id='word_1_204' title='bbox 45 3173 135 3235; x_wconf 90' lang='lat' dir='ltr'>minis</span> <span class='ocrx_word' id='word_1_205' title='bbox 166 3169 369 3254; x_wconf 85' lang='lat' dir='ltr'>progrediens</span> <span class='ocrx_word' id='word_1_206' title='bbox 400 3168 483 3233; x_wconf 88' lang='lat' dir='ltr'>viam</span> <span class='ocrx_word' id='word_1_207' title='bbox 514 3168 673 3249; x_wconf 90' lang='lat' dir='ltr'>sequitur,</span> <span class='ocrx_word' id='word_1_208' title='bbox 707 3167 734 3230; x_wconf 90' lang='lat' dir='ltr'>is</span> <span class='ocrx_word' id='word_1_209' title='bbox 763 3167 908 3248; x_wconf 85' lang='lat' dir='ltr'>quamvis</span> <span class='ocrx_word' id='word_1_210' title='bbox 939 3166 1079 3250; x_wconf 90' lang='lat' dir='ltr'>prudens</span> <span class='ocrx_word' id='word_1_211' title='bbox 1108 3166 1200 3231; x_wconf 79' lang='lat' dir='ltr'>facile</span> <span class='ocrx_word' id='word_1_212' title='bbox 1223 3166 1261 3230; x_wconf 90' lang='lat' dir='ltr'>de</span> 
     </span>
     <span class='ocr_line' id='line_1_26' title="bbox 46 3267 1261 3356; baseline -0.003 -14"><span class='ocrx_word' id='word_1_213' title='bbox 46 3297 114 3343; x_wconf 80' lang='lat' dir='ltr'>vero</span> <span class='ocrx_word' id='word_1_214' title='bbox 139 3279 207 3344; x_wconf 92' lang='lat' dir='ltr'>eius</span> <span class='ocrx_word' id='word_1_215' title='bbox 231 3276 379 3342; x_wconf 75' lang='lat' dir='ltr'>carminis</span> <span class='ocrx_word' id='word_1_216' title='bbox 399 3276 512 3339; x_wconf 90' lang='lat' dir='ltr'>habitu</span> <span class='ocrx_word' id='word_1_217' title='bbox 534 3274 665 3338; x_wconf 88' lang='lat' dir='ltr'>fallitur.</span> <span class='ocrx_word' id='word_1_218' title='bbox 711 3273 795 3352; x_wconf 80' lang='lat' dir='ltr'>Quid</span> <span class='ocrx_word' id='word_1_219' title='bbox 819 3274 902 3355; x_wconf 93' lang='lat' dir='ltr'>quod</span> <span class='ocrx_word' id='word_1_220' title='bbox 926 3275 995 3338; x_wconf 87' lang='lat' dir='ltr'>tota</span> <span class='ocrx_word' id='word_1_221' title='bbox 1018 3267 1180 3356; x_wconf 87' lang='lat' dir='ltr'>expositio</span> <span class='ocrx_word' id='word_1_222' title='bbox 1193 3275 1261 3338; x_wconf 91' lang='lat' dir='ltr'>tam</span> 
     </span>
     <span class='ocr_line' id='line_1_27' title="bbox 47 3380 1264 3462; baseline -0.005 -14"><span class='ocrx_word' id='word_1_223' title='bbox 47 3385 181 3450; x_wconf 91' lang='lat' dir='ltr'>dilucida</span> <span class='ocrx_word' id='word_1_224' title='bbox 203 3383 337 3459; x_wconf 85' lang='lat' dir='ltr'>videtur,</span> <span class='ocrx_word' id='word_1_225' title='bbox 367 3385 405 3446; x_wconf 92' lang='lat' dir='ltr'>nt</span> <span class='ocrx_word' id='word_1_226' title='bbox 428 3382 488 3446; x_wconf 92' lang='lat' dir='ltr'>etsi</span> <span class='ocrx_word' id='word_1_227' title='bbox 517 3382 668 3446; x_wconf 87' lang='lat' dir='ltr'>lectiones</span> <span class='ocrx_word' id='word_1_228' title='bbox 692 3381 848 3462; x_wconf 87' lang='lat' dir='ltr'>quaedam</span> <span class='ocrx_word' id='word_1_229' title='bbox 871 3381 1008 3446; x_wconf 89' lang='lat' dir='ltr'>incertae</span> <span class='ocrx_word' id='word_1_230' title='bbox 1032 3380 1264 3457; x_wconf 81' lang='lat' dir='ltr'>existimantur,</span> 
     </span>
     <span class='ocr_line' id='line_1_28' title="bbox 46 3485 1261 3574; baseline -0.006 -17"><span class='ocrx_word' id='word_1_231' title='bbox 46 3495 152 3557; x_wconf 85' lang='lat' dir='ltr'>tamen</span> <span class='ocrx_word' id='word_1_232' title='bbox 176 3489 445 3574; x_wconf 90' lang='lat' dir='ltr'>quemadmodum</span> <span class='ocrx_word' id='word_1_233' title='bbox 467 3489 619 3553; x_wconf 82' lang='lat' dir='ltr'>iuvenum</span> <span class='ocrx_word' id='word_1_234' title='bbox 641 3489 884 3570; x_wconf 90' lang='lat' dir='ltr'>puellarumque</span> <span class='ocrx_word' id='word_1_235' title='bbox 913 3489 1021 3570; x_wconf 88' lang='lat' dir='ltr'>partes</span> <span class='ocrx_word' id='word_1_236' title='bbox 1045 3485 1261 3551; x_wconf 86' lang='lat' dir='ltr'>discribendae</span> 
     </span>
     <span class='ocr_line' id='line_1_29' title="bbox 47 3595 596 3664; baseline -0.009 -2"><span class='ocrx_word' id='word_1_237' title='bbox 47 3601 106 3664; x_wconf 89' lang='lat' dir='ltr'>sint</span> <span class='ocrx_word' id='word_1_238' title='bbox 128 3600 220 3664; x_wconf 89' lang='lat' dir='ltr'>nulla</span> <span class='ocrx_word' id='word_1_239' title='bbox 241 3598 408 3662; x_wconf 85' lang='lat' dir='ltr'>moveatur</span> <span class='ocrx_word' id='word_1_240' title='bbox 431 3595 596 3661; x_wconf 89' lang='lat' dir='ltr'>dubitatio.</span> 
     </span>
    </p>

    <p class='ocr_par' dir='ltr' id='par_1_7' title="bbox 48 3699 1264 4000">
     <span class='ocr_line' id='line_1_30' title="bbox 131 3699 1262 3784; baseline -0.007 -14"><span class='ocrx_word' id='word_1_241' title='bbox 131 3706 251 3770; x_wconf 86' lang='lat' dir='ltr'>Verum</span> <span class='ocrx_word' id='word_1_242' title='bbox 265 3704 424 3768; x_wconf 85' lang='lat' dir='ltr'>enimvero</span> <span class='ocrx_word' id='word_1_243' title='bbox 437 3702 564 3767; x_wconf 88' lang='lat' dir='ltr'>initium</span> <span class='ocrx_word' id='word_1_244' title='bbox 577 3701 760 3784; x_wconf 89' lang='lat' dir='ltr'>disputandi</span> <span class='ocrx_word' id='word_1_245' title='bbox 773 3699 964 3764; x_wconf 90' lang='lat' dir='ltr'>sumendum</span> <span class='ocrx_word' id='word_1_246' title='bbox 977 3701 1027 3764; x_wconf 95' lang='grc'>111</span> <span class='ocrx_word' id='word_1_247' title='bbox 1039 3718 1058 3764; x_wconf 90' lang='grc'>1</span> <span class='ocrx_word' id='word_1_248' title='bbox 1070 3699 1262 3772; x_wconf 80' lang='lat' dir='ltr'>carminis</span> 
     </span>
     <span class='ocr_line' id='line_1_31' title="bbox 48 3805 1264 3891; baseline -0.006 -16"><span class='ocrx_word' id='word_1_249' title='bbox 48 3814 172 3889; x_wconf 88' lang='lat' dir='ltr'>exitu,</span> <span class='ocrx_word' id='word_1_250' title='bbox 201 3812 290 3876; x_wconf 90' lang='lat' dir='ltr'>onius</span> <span class='ocrx_word' id='word_1_251' title='bbox 314 3827 396 3891; x_wconf 87' lang='lat' dir='ltr'>qnae</span> <span class='ocrx_word' id='word_1_252' title='bbox 421 3808 584 3891; x_wconf 86' lang='lat' dir='ltr'>dispositio</span> <span class='ocrx_word' id='word_1_253' title='bbox 612 3808 654 3870; x_wconf 91' lang='lat' dir='ltr'>sit</span> <span class='ocrx_word' id='word_1_254' title='bbox 676 3807 739 3871; x_wconf 91' lang='lat' dir='ltr'>nisi</span> <span class='ocrx_word' id='word_1_255' title='bbox 761 3805 968 3870; x_wconf 85' lang='lat' dir='ltr'>manifestum</span> <span class='ocrx_word' id='word_1_256' title='bbox 991 3805 1102 3882; x_wconf 86' lang='lat' dir='ltr'>fuerit,</span> <span class='ocrx_word' id='word_1_257' title='bbox 1131 3805 1170 3869; x_wconf 93' lang='lat' dir='ltr'>de</span> <span class='ocrx_word' id='word_1_258' title='bbox 1192 3823 1264 3887; x_wconf 90' lang='lat' dir='ltr'>pro·</span> 
     </span>
     <span class='ocr_line' id='line_1_32' title="bbox 49 3913 1056 4000; baseline -0.007 -18"><span class='ocrx_word' id='word_1_259' title='bbox 49 3920 136 3985; x_wconf 90' lang='lat' dir='ltr'>oemii</span> <span class='ocrx_word' id='word_1_260' title='bbox 161 3918 245 4000; x_wconf 90' lang='lat' dir='ltr'>quod</span> <span class='ocrx_word' id='word_1_261' title='bbox 268 3917 384 3981; x_wconf 90' lang='lat' dir='ltr'>dieitur</span> <span class='ocrx_word' id='word_1_262' title='bbox 407 3915 514 3980; x_wconf 90' lang='lat' dir='ltr'>ordine</span> <span class='ocrx_word' id='word_1_263' title='bbox 537 3916 626 3978; x_wconf 90' lang='lat' dir='ltr'>nulla</span> <span class='ocrx_word' id='word_1_264' title='bbox 648 3913 717 3978; x_wconf 89' lang='lat' dir='ltr'>fieri</span> <span class='ocrx_word' id='word_1_265' title='bbox 738 3914 845 3996; x_wconf 87' lang='lat' dir='ltr'>potest</span> <span class='ocrx_word' id='word_1_266' title='bbox 868 3913 1056 3976; x_wconf 86' lang='lat' dir='ltr'>coniectura.</span> 
     </span>
    </p>

    <p class='ocr_par' dir='ltr' id='par_1_8' title="bbox 49 4019 1259 4213">
     <span class='ocr_line' id='line_1_33' title="bbox 131 4019 1258 4109; baseline -0.007 -19"><span class='ocrx_word' id='word_1_267' title='bbox 131 4029 177 4090; x_wconf 84' lang='lat' dir='ltr'>Ac</span> <span class='ocrx_word' id='word_1_268' title='bbox 198 4026 339 4109; x_wconf 87' lang='lat' dir='ltr'>primum</span> <span class='ocrx_word' id='word_1_269' title='bbox 355 4024 483 4104; x_wconf 91' lang='lat' dir='ltr'>quidem</span> <span class='ocrx_word' id='word_1_270' title='bbox 507 4021 682 4088; x_wconf 90' lang='lat' dir='ltr'>secuudum</span> <span class='ocrx_word' id='word_1_271' title='bbox 697 4021 861 4102; x_wconf 81' lang='lat' dir='ltr'>vulgarem</span> <span class='ocrx_word' id='word_1_272' title='bbox 884 4019 1062 4102; x_wconf 88' lang='lat' dir='ltr'>opinionem</span> <span class='ocrx_word' id='word_1_273' title='bbox 1084 4019 1157 4101; x_wconf 90' lang='lat' dir='ltr'>post</span> <span class='ocrx_word' id='word_1_274' title='bbox 1172 4037 1200 4080; x_wconf 86' lang='lat' dir='ltr'>v.</span> <span class='ocrx_word' id='word_1_275' title='bbox 1218 4023 1258 4082; x_wconf 81' lang='lat'>58</span> 
     </span>
     <span class='ocr_line' id='line_1_34' title="bbox 49 4124 1259 4213; baseline -0.005 -19"><span class='ocrx_word' id='word_1_276' title='bbox 49 4133 172 4198; x_wconf 81' lang='lat' dir='ltr'>invenes</span> <span class='ocrx_word' id='word_1_277' title='bbox 201 4150 318 4196; x_wconf 86' lang='lat' dir='ltr'>novam</span> <span class='ocrx_word' id='word_1_278' title='bbox 340 4133 475 4213; x_wconf 91' lang='lat' dir='ltr'>nuptam</span> <span class='ocrx_word' id='word_1_279' title='bbox 505 4129 614 4192; x_wconf 91' lang='lat' dir='ltr'>mariti</span> <span class='ocrx_word' id='word_1_280' title='bbox 636 4128 766 4192; x_wconf 91' lang='lat' dir='ltr'>domum</span> <span class='ocrx_word' id='word_1_281' title='bbox 788 4127 1056 4208; x_wconf 86' lang='lat' dir='ltr'>introgreseuram</span> <span class='ocrx_word' id='word_1_282' title='bbox 1082 4126 1132 4188; x_wconf 94' lang='lat' dir='ltr'>his</span> <span class='ocrx_word' id='word_1_283' title='bbox 1156 4124 1259 4188; x_wconf 88' lang='lat' dir='ltr'>verbis</span> 
     </span>
    </p>
   </div>
   <div class='ocr_carea' id='block_1_6' title="bbox 52 4232 1051 4388">
    <p class='ocr_par' dir='ltr' id='par_1_9' title="bbox 52 4232 1051 4388">
     <span class='ocr_line' id='line_1_35' title="bbox 52 4232 1015 4321; baseline -0.008 -19"><span class='ocrx_word' id='word_1_284' title='bbox 52 4239 206 4304; x_wconf 88' lang='lat' dir='ltr'>adhortari</span> <span class='ocrx_word' id='word_1_285' title='bbox 229 4238 393 4321; x_wconf 90' lang='lat' dir='ltr'>incipiunt,</span> <span class='ocrx_word' id='word_1_286' title='bbox 416 4256 498 4318; x_wconf 90' lang='lat' dir='ltr'>quae</span> <span class='ocrx_word' id='word_1_287' title='bbox 521 4236 555 4299; x_wconf 92' lang='lat' dir='ltr'>in</span> <span class='ocrx_word' id='word_1_288' title='bbox 570 4235 682 4300; x_wconf 77' lang='lat' dir='ltr'>&#39;codice</span> <span class='ocrx_word' id='word_1_289' title='bbox 706 4235 731 4298; x_wconf 88' lang='lat' dir='ltr'>T</span> <span class='ocrx_word' id='word_1_290' title='bbox 755 4235 801 4298; x_wconf 89' lang='lat' dir='ltr'>sic</span> <span class='ocrx_word' id='word_1_291' title='bbox 825 4232 1015 4298; x_wconf 89' lang='lat' dir='ltr'>traduntur:</span> 
     </span>
     <span class='ocr_line' id='line_1_36' title="bbox 1016 4336 1051 4388; baseline 0 -23"><span class='ocrx_word' id='word_1_292' title='bbox 1016 4337 1029 4388; x_wconf 79' lang='grc'>1</span> <span class='ocrx_word' id='word_1_293' title='bbox 1038 4336 1051 4365; x_wconf 64' lang='grc'>11</span> 
     </span>
    </p>
   </div>
   <div class='ocr_carea' id='block_1_7' title="bbox 0 0 1472 4724">
    <p class='ocr_par' dir='ltr' id='par_1_10' title="bbox 0 0 1472 4724">
     <span class='ocr_line' id='line_1_37' title="bbox 0 0 1472 4724; baseline 0 0"><span class='ocrx_word' id='word_1_294' title='bbox 0 0 1472 4724; x_wconf 95' lang='lat' dir='ltr'> </span> 
     </span>
    </p>
   </div>
  </div>
 </body>
</html>
