2928 4724
658 207 676 264 5
689 241 691 254 ,

59 393 173 458 infine
196 394 292 459 verba
314 412 372 458 sua
396 393 543 476 derigunt
567 394 794 472 adulescentes,
825 413 882 477 par
905 395 955 458 est
978 395 1010 458 et
1031 394 1155 477 puellas
1179 393 1275 458 simili

60 499 268 564 admonitione
292 500 456 566 adlooutas
486 519 555 566 esse
583 521 702 566 novum
731 495 911 578 maritnm',
940 503 1024 565 eerte
1056 502 1276 583 exspectamus

60 605 154 670 etiam
175 607 299 689 puellas
314 608 391 672 eius
411 607 641 672 adhortationis
663 608 834 691 partieipes
858 625 937 682 esse,
962 625 1025 688 qua
1048 625 1176 672 carmen
1191 608 1277 671 elau-

60 712 158 788 ditur;
189 713 245 778 aed
268 713 309 778 ad
331 714 485 795 virginem
509 733 542 778 se
566 716 746 779 eonvertere
770 714 943 790 debebant,
965 733 1030 778 non
1053 713 1093 777 ad
1115 713 1277 778 maritum.

146 817 231 898 Quid
254 820 361 884 enim?
385 821 412 884 si
434 820 468 883 in
490 821 593 884 tribus
617 821 761 887 omnibus
785 819 934 885 carminis
958 819 1121 885 amoebaei
1137 819 1275 902 strophis

62 927 90 988 et
111 926 320 1009 antistrophis
343 927 505 990 eertamen
526 927 707 1009 puellarum
723 929 757 991 et
770 926 923 990 iuvenum
945 927 1064 1008 ubique
1081 925 1122 990 ad
1145 925 1276 1008 virginis

61 1033 190 1110 sortem,
215 1051 297 1114 quae
320 1033 387 1096 viro
409 1032 517 1110 nubit,
547 1034 703 1116 pertinet,
725 1033 866 1116 primum
891 1051 972 1114 quae
996 1051 1015 1096 a
1037 1033 1141 1097 matre
1165 1033 1277 1097 avulsa

61 1138 106 1215 eit,
129 1140 201 1204 tum
217 1157 298 1221 quae
315 1157 352 1203 ex
368 1140 550 1222 aequalium
574 1158 668 1222 grege
692 1141 800 1204 ablata
823 1140 873 1217 sit,
896 1157 969 1203 mor
993 1157 1073 1220 quae
1096 1139 1276 1220 hueusque

60 1245 177 1310 intaeta
206 1245 376 1324 manserit,
409 1265 491 1310 num
521 1246 622 1310 omnia
657 1246 773 1329 epilogi
803 1247 901 1310 oratio
925 1245 964 1310 de
987 1245 1170 1328 virginitate
1196 1264 1277 1327 quae

60 1353 172 1416 marito
202 1351 356 1417 debeatur
383 1353 551 1419 iuvenibus
581 1353 650 1417 dari
678 1355 808 1436 potest?
842 1354 989 1436 potestne
1013 1353 1175 1416 oartamen
1197 1352 1277 1416 illud

61 1459 116 1522 hoo
138 1459 260 1542 epilogo
289 1459 354 1524 iam
380 1460 421 1524 ad
449 1459 545 1524 linem
568 1459 699 1543 perduoi
722 1461 755 1524 et
778 1459 921 1542 oomponi
948 1477 1013 1523 una
1035 1460 1164 1523 tanturn
1186 1461 1277 1542 parte

62 1564 250 1629 oertantium
279 1566 412 1630 audita?
466 1565 593 1632 Seilieet
622 1566 774 1631 iuvenum
808 1565 939 1630 viatoria
972 1565 1117 1649 portendi
1152 1566 1278 1630 videtur

62 1672 132 1736 viris
157 1672 257 1736 doctis
281 1691 319 1736 ea
340 1692 388 1750 re,
419 1673 500 1755 quod
525 1675 599 1738 ante
623 1691 750 1737 earmen
773 1673 980 1737 amoebaeum
1004 1675 1036 1737 et
1058 1675 1131 1755 post
1153 1672 1278 1736 illudii

63 1778 116 1842 soli
139 1778 280 1843 dieentes
303 1779 504 1857 inducantur,
528 1798 662 1861 eamque
684 1779 789 1862 ipsam
812 1780 850 1844 ob
874 1797 1005 1844 oausam
1032 1779 1158 1860 neglegi
1181 1781 1214 1842 et
1229 1797 1278 1842 re-

61 1885 177 1950 moveri
205 1885 329 1968 puellas
363 1885 531 1950 finxerunt.
579 1886 663 1967 Ergo
697 1885 841 1950 validiori
876 1884 963 1949 sexui
997 1885 1116 1967 duplioi
1150 1886 1278 1949 tantum

63 1990 240 2056 adnnente
263 1991 295 2055 id
319 1992 521 2057 commodum
544 1992 609 2057 sive
632 1993 797 2058 viotoriam
819 2010 931 2075 parare
954 1992 1060 2074 potuit
1081 1993 1198 2074 poeta?
1231 1993 1278 2056 Ao

62 2116 169 2162 rursus
194 2099 248 2179 qui
270 2098 515 2162 Lachmannum
537 2099 639 2163 seeuti
661 2099 747 2162 huno
770 2099 928 2181 epilogum
951 2100 1055 2162 totum
1084 2098 1197 2180 puellis
1220 2098 1278 2162 tri-

62 2204 167 2282 buunt,
191 2207 230 2268 ut
251 2224 354 2288 nuper
376 2186 412 2268 d.
434 2204 538 2270 Bonin
560 2206 582 2268 l.
598 2224 623 2270 o.
645 2215 731 2288 p.11
757 2205 790 2268 id
812 2204 896 2282 feeit,
918 2223 981 2268 non
1003 2205 1109 2268 minus
1132 2204 1279 2285 iniquum

64 2313 206 2375 carminis
231 2311 374 2376 ordinem
396 2312 573 2376 instituisse
596 2311 757 2376 iudieandi
780 2314 865 2376 sunt.
910 2312 1008 2376 Reate
1035 2311 1134 2393 igitur
1156 2312 1183 2375 is
1208 2330 1279 2376 sen-

63 2417 116 2495 sit,
144 2419 201 2499 qui
229 2419 409 2501 puellarum
433 2436 559 2500 quoque
591 2419 713 2499 aliquas
743 2420 851 2501 partes
881 2418 915 2482 in
938 2419 1086 2482 carminis
1116 2419 1178 2482 fine
1208 2437 1277 2482 esse

62 2525 166 2589 voluit.

147 2631 211 2696 Sed
226 2632 253 2696 si
272 2633 338 2696 iam
353 2632 521 2714 recipimus
539 2650 609 2696 eam
625 2651 722 2714 quam
738 2652 834 2715 supra
851 2634 1071 2716 proposuimus
1085 2632 1279 2697 emendatio-

62 2756 138 2816 nem,
162 2738 305 2820 reliquus
328 2740 416 2803 totus
439 2739 527 2804 loeus
551 2740 596 2802 sie
618 2739 736 2820 legitur
758 2740 791 2802 in
816 2738 977 2804 Sohwabei
1000 2739 1134 2804 editione
1159 2739 1277 2803 altera:

169 2854 210 2912 59
236 2893 569 2923 ............
591 2865 663 2909 oum
684 2844 746 2909 tale·
769 2845 907 2926 ooaiope,
931 2845 1029 2926 oa'rpo,

170 2959 212 3017 60
235 2950 311 3016 Noa
334 2971 465 3032 aequom
488 2955 533 3016 est
548 2971 708 3033 meare,
727 2955 822 3034 paler
844 2952 898 3014 eui
920 2950 1058 3016 tradidit
1078 2951 1156 3032 ipse,

235 3057 311 3138 Ipse
332 3063 427 3138 poter
450 3078 521 3122 cem
543 3062 654 3137 motae,
678 3058 794 3139 quitata
811 3078 931 3139 parere
952 3078 1074 3122 neeesse
1097 3060 1149 3120 est.

242 3165 425 3247 Virpe'aa'toa
446 3184 511 3230 oon
533 3169 598 3230 iota
620 3168 678 3229 luo
701 3169 754 3244 eet,
782 3185 820 3230 eoo
836 3170 934 3246 porte
953 3169 1126 3245 parentam
1149 3169 1211 3229 est:

240 3271 352 3336 Tertia
367 3291 453 3352 pars
469 3271 602 3352 patriai,
619 3291 704 3352 pars
726 3275 771 3336 est
793 3272 872 3336 dota
894 3272 991 3336 teatio
1012 3272 1119 3350 metri,

240 3378 353 3442 Tertio
374 3377 443 3443 solo
465 3383 524 3442 tuo
547 3382 600 3443 est.
623 3377 691 3442 aeoli
710 3398 858 3460 peperere
881 3377 1010 3457 duobos,

171 3495 211 3552 65
238 3486 303 3567 Qua?
323 3505 438 3567 panaro
461 3506 522 3549 sae
544 3485 623 3548 iura
645 3484 744 3548 simul
765 3505 837 3548 eum
860 3485 929 3549 dote
951 3484 1112 3549 dederunt.

235 3592 364 3674 Hpmao
386 3611 404 3656 o
427 3591 619 3674 Hymenaee,
642 3591 770 3673 Hymen
793 3592 870 3656 odes
893 3591 1119 3674 oHymeaoee.

64 3695 129 3763 Iam
145 3717 218 3765 vero
238 3700 318 3764 haee
341 3700 440 3764 oratio
465 3699 630 3764 sententiis
655 3699 784 3780 quidem
806 3701 873 3762 tarn
895 3700 992 3782 plana
1015 3702 1064 3764 est
1087 3702 1120 3763 et
1143 3699 1279 3776 evidens,

64 3807 97 3868 ut
124 3807 295 3889 unicuique
326 3825 477 3890 apparere
509 3806 623 3872 debeat
647 3806 842 3892 argumenti,
875 3806 958 3887 quod
988 3806 1022 3870 in
1044 3807 1105 3870 hae
1128 3805 1278 3870 earminis

65 3916 149 3993 parte
178 3914 216 3978 de
247 3914 429 3996 uirginitate
459 3913 635 3996 protertur,
666 3914 834 3995 gemellam
858 3931 927 3977 esse
950 3913 1114 3978 rationem.
1159 3911 1280 3976 Eadem

66 4021 145 4084 enim
176 4021 325 4102 cogitatio
355 4021 472 4104 duplioi
501 4021 594 4085 modo
625 4019 817 4097 affirmatur,
850 4019 1097 4104 primumquod
1126 4021 1218 4102 pater
1247 4020 1280 4082 et

66 4129 163 4192 mater
178 4128 334 4209 virginem
349 4107 464 4191 marito
488 4127 685 4203 tradiderint,
708 4146 772 4191 non
795 4145 934 4208 aequum
957 4145 1026 4190 esse
1048 4144 1191 4209 pugnare
1207 4145 1280 4189 oum

67 4235 206 4316 ooniuge;
236 4236 308 4299 tum
332 4233 414 4315 quod
438 4234 629 4316 virginitatis
653 4252 718 4297 una
740 4236 868 4298 tantum
890 4251 964 4316 pars
987 4233 1087 4314 ipsius
1112 4233 1168 4310 sit,
1192 4233 1279 4314 virgo
