2934 4742
700 213 858 304 23}-

167 400 354 482 sessores.
371 399 400 464 d.
417 397 646 482 Gymccsiebo.
665 408 750 466 1878
770 399 800 465 S.
819 407 901 474 5043
918 399 998 464 udde
1014 398 1203 463 Baehrensii
1226 399 1395 462 comment.
1451 425 1452 460 ;

165 528 196 592 p·
219 516 435 678 461ῗ18ᾳειιῖθιη
465 613 617 695 temporis
641 611 806 694 praeteriti
829 629 929 693 genus
959 630 1033 675 cum
1057 626 1076 674 s
1100 611 1319 692 grammaticis
1342 630 1397 675 uo-

167 720 323 786 stratibus
347 722 418 804 tum
442 720 481 784 ab
504 719 574 783 Ilm.
590 717 781 783 Hoffmanno
804 719 837 782 iu
861 718 941 781 libro
964 717 1002 782 de
1027 717 1301 782 couiunotIonibus
1317 720 1396 782 tem·

165 826 327 911 poralibus
359 827 476 908 scripto
506 826 602 906 volgo
631 826 757 890 nomine
785 824 931 920 ‘perfecti
960 819 1152 907 proesentis'
1178 824 1245 888 sive
1272 813 1393 920 tlogici'

167 933 347 1017 appelletur
377 932 526 1014 idemque
554 949 667 996 rursus
698 932 825 1014 saepius
860 932 976 996 vocent
1014 929 1207 1024 tperfectum
1242 931 1395 994 aoristum
1452 1005 1453 1008 Ἴ

166 1040 232 1105 sive
256 1026 470 1104 historicum'.
518 1038 579 1104 Sed
603 1039 636 1102 iu
659 1038 720 1103 hac
743 1039 813 1103 tote
836 1038 914 1102 artis
931 1037 1158 1119 grammaticae
1182 1039 1274 1120 purte
1297 1038 1395 1102 iuter-

166 1146 322 1230 pretunde
350 1148 419 1210 tum
447 1145 537 1210 vanis
568 1144 709 1210 artificiis
740 1145 939 1226 argutiisque
970 1143 1153 1230 scholastici
1177 1145 1329 1220 utuntur,
1358 1146 1394 1207 ut

166 1253 228 1335 ipsi
261 1252 389 1334 quidem
421 1270 458 1317 ea
485 1269 601 1334 purum
628 1251 858 1328 intellexerint,
893 1269 975 1332 quus
1003 1250 1081 1314 elios
1112 1249 1224 1316 docere
1255 1250 1393 1314 student.

167 1357 319 1444 Ceterum
342 1359 448 1423 verius
473 1362 506 1421 et
529 1357 705 1440 simplicius
727 1356 808 1420 illud
824 1357 976 1439 temporis
993 1374 1094 1437 genus
1111 1356 1266 1440 appellari
1282 1356 1393 1422 debere

168 1465 339 1529 eslsvicue
356 1465 583 1547 grammaticae
608 1462 752 1528 doctrino
770 1465 1040 1559 ‘momentaneam
1064 1463 1220 1527 actionem
1242 1463 1394 1546 temporis

167 1559 346 1653 praeteriti'
373 1590 458 1634 nunc
480 1570 593 1635 leviter
617 1569 811 1652 significasse
835 1570 913 1634 setis
937 1569 1047 1634 babeo.
1093 1567 1183 1647 Quae
1198 1569 1341 1650 Droeger
1358 1569 1393 1634 de

168 1677 349 1759 temporum
378 1677 410 1741 vi
440 1677 599 1759 exposuit,
635 1695 672 1741 ec
703 1677 809 1740 omniu
838 1677 911 1759 plus
940 1677 1086 1740 minusve
1109 1676 1257 1740 laborent
1282 1675 1394 1740 iisdem

167 1781 315 1865 profusae
346 1783 547 1866 expositionis
577 1782 800 1859 incommodis,
837 1783 953 1864 quibus
982 1783 1079 1847 multi
1110 1782 1178 1847 eius
1209 1782 1313 1865 operis
1336 1781 1395 1846 loci

168 1891 424 1973 corrumpuntur.
470 1889 555 1953 Nam
579 1889 618 1952 od
643 1890 772 1953 altiores
795 1889 846 1954 vel
868 1889 950 1954 imas
979 1890 1088 1970 legum
1112 1889 1395 1970 grammaticarum

169 2013 282 2060 cousus
307 1997 540 2078 cognoscendus
572 2014 666 2080 saepe
696 2015 760 2060 non
783 1996 977 2079 penetravit,
1007 1997 1153 2077 viresque
1184 1995 1253 2060 eius
1276 1996 1330 2060 vix
1351 1995 1395 2060 di-

167 2101 266 2165 midia
296 2121 408 2167 cursus
437 2105 529 2185 purte
560 2101 703 2166 confecta
733 2102 885 2166 deficiunt
914 2103 1184 2184 acquiescuutque
1206 2103 1394 2184 plerumque

169 2207 202 2270 iu
235 2208 351 2272 vilibus
387 2210 505 2291 regulis
537 2208 755 2291 assequendis.
800 2209 916 2273 Melius
948 2209 1026 2274 haee
1059 2208 1165 2272 omnio
1194 2207 1233 2272 de
1264 2207 1394 2291 perfecti

169 2315 319 2397 temporis
345 2316 428 2397 quod
444 2316 561 2381 dicitur
583 2316 765 2398 notionibus
789 2315 935 2399 exposuit
950 2315 1084 2380 thner
1099 2316 1119 2378 l.
1135 2333 1160 2378 e.
1175 2313 1210 2377 H
1225 2333 1255 2398 p.
1269 2321 1394 2396 bdsqq,

169 2419 224 2484 scd
247 2421 275 2486 is
300 2440 425 2504 quoque
448 2423 542 2505 plura
565 2441 680 2506 perum
703 2422 819 2487 acriter
842 2421 999 2486 discrevit.

256 2528 346 2592 Adde
370 2529 410 2593 ed
432 2530 492 2593 boc
515 2530 630 2593 talium
652 2546 709 2611 per
738 2515 839 2616 ‘eum'
865 2529 949 2592 inter
979 2547 1012 2593 se
1044 2529 1227 2593 iunctorum
1250 2528 1394 2593 enuntia·

169 2633 275 2697 torum
300 2654 400 2716 genus
424 2655 449 2700 c.
465 2635 572 2700 LXVI
588 2644 717 2716 21sqq,
741 2635 859 2716 dequo
881 2636 949 2699 loco
973 2634 1056 2700 infra
1079 2655 1108 2717 p.
1127 2643 1189 2702 158
1200 2654 1247 2717 sq.
1263 2635 1393 2700 dicetur.

259 2847 499 2931 Compouuutur
522 2849 620 2913 etiam
650 2848 903 2912 diversorum
926 2850 1149 2929 temporum
1172 2846 1309 2924 formos,
1341 2846 1393 2912 sed

170 2971 250 3035 quse
267 2956 430 3038 pertinent
445 2955 485 3019 ad
503 2954 646 3020 eiusdem
663 2955 728 3018 sive
745 2957 879 3018 naturae
897 2954 961 3018 sive
979 2954 1074 3036 spetii
1090 2955 1231 3018 cotiones
1254 2955 1339 3018 inter
1362 2971 1393 3017 se
1443 2993 1446 3004 ·

169 3060 362 3126 coniunctas.
408 3060 500 3140 Quod
522 3062 560 3125 fit
584 3061 799 3143 compluribus
822 3061 908 3125 looIs.
954 3061 1055 3125 Utin
1079 3079 1104 3124 o.
1119 3059 1287 3124 LXXXVI
1304 3068 1392 3141 ssu:

346 3167 464 3232 Lesbio
486 3167 627 3248 formoso
650 3171 703 3244 est,
728 3187 810 3247 quae
833 3186 906 3230 eum
925 3165 1125 3246 pulcerrimo
1149 3169 1214 3231 tote
1237 3169 1290 3243 est,

393 3274 475 3338 Tum
498 3274 643 3339 omnibus
665 3292 735 3337 ccc
758 3273 860 3338 omnis
882 3273 1047 3353 subripuit
1076 3273 1218 3338 Veneres.

169 3379 241 3457 Ubi,
264 3381 302 3444 ut
325 3399 362 3445 eo
385 3399 467 3461 quae
489 3382 526 3444 B.
552 3381 699 3446 Schmidt
722 3381 755 3444 in
778 3382 897 3463 proleg.
920 3401 949 3464 p.
966 3381 1048 3444 VIII
1071 3381 1109 3445 de
1133 3381 1248 3445 Lesbis
1271 3399 1391 3463 compo·

170 3485 236 3550 snit
260 3505 512 3564 commemorem,
536 3488 616 3551 bueo
634 3487 741 3552 evadit
765 3489 925 3552 sententia
947 3489 1096 3552 Lesbium
1119 3505 1183 3551 non
1206 3488 1311 3551 solum
1334 3487 1392 3550 for-

168 3611 291 3656 mosam
315 3611 384 3657 esse
408 3594 608 3676 corporisque
624 3594 797 3659 virtutibus
822 3595 1037 3671 excellentem,
1061 3594 1200 3676 quaein
1223 3593 1294 3658 aliis
1318 3612 1390 3675 quo·

170 3717 231 3781 que
253 3700 368 3783 puellis
393 3703 573 3778 cernuntur,
598 3700 653 3764 sed
674 3702 777 3765 totam
800 3701 1057 3784 pulcherrimam,
1082 3701 1156 3783 qula
1179 3701 1295 3784 leporis
1319 3719 1390 3782 quo·

169 3823 230 3888 que
254 3805 505 3888 facetiarumque
529 3809 733 3872 venustatem
755 3809 881 3873 babent.
926 3808 1016 3873 Adde
1041 3828 1065 3873 c.
1089 3808 1119 3872 V
1144 3814 1233 3889 5sq.:

347 3911 448 3978 Nobis
471 3933 542 3977 cem
564 3912 661 3977 semel
681 3913 796 3978 cecidit
818 3913 922 3978 brevis
947 3913 1012 3992 bec,

346 4019 421 4083 Noc
443 4025 489 4084 est
506 4025 665 4100 perpetua
687 4040 755 4085 unc
779 4021 975 4086 dormiendo.

169 4143 195 4189 c.
217 4125 307 4192 LXII
331 4133 382 4193 46.
408 4135 448 4192 57
480 4127 518 4193 of.
543 4147 623 4210 quoe
648 4147 745 4211 supra
768 4129 932 4211 disputate
963 4130 1038 4192 suut
1061 4148 1091 4210 p.
1116 4136 1175 4202 773
1204 4146 1230 4192 c.
1254 4124 1388 4192 LXVIII

172 4238 319 4312 lslsqq,
343 4251 368 4296 c.
390 4233 555 4296 LXXXIV
582 4243 673 4315 3sq.:
