2934 4742
604 234 664 291 137

557 317 715 326 —-—.-

35 437 109 482 rana
136 419 186 483 est
212 418 321 484 fabula
352 438 389 484 ex
416 421 471 498 iis,
502 437 583 502 quae
615 421 653 486 de
682 421 778 486 huius
809 422 1037 488 eoniunetIonis
1067 423 1099 488 11
1130 425 1163 489 01
1188 443 1252 489 usu

35 526 158 607 vulgant
198 573 205 588 .

117 737 279 816 Similiter,
303 738 358 803 sed
381 741 490 804 tamen
513 740 608 823 paulo
633 740 726 806 aliter
750 759 788 804 ea
809 741 988 822 aequalitas
1012 742 1174 807 aetionum
1198 743 1254 808 de-

35 844 165 909 dentitur
200 845 240 909 ad
274 847 452 928 praesentis
496 847 649 930 temporis
690 847 928 912 aoniunetivum
967 848 1182 914 dubitativum
1219 851 1256 914 in

36 953 190 1017 enuntiato
213 951 364 1035 primario
386 953 536 1035 positum,
559 970 697 1034 quocum
720 953 881 1018 confertur
904 955 937 1017 in
961 955 1062 1019 altero
1086 955 1254 1020 enuntIato

34 1059 102 1122 item
125 1059 278 1142 temporis
302 1061 360 1122 aut
381 1060 559 1142 praesentis
583 1059 642 1123 aut
663 1063 888 1127 momentonea
913 1062 1079 1144 praeteriti
1108 1063 1196 1127 notio
1219 1063 1254 1126 in

34 1164 76 1228 ils
99 1165 222 1230 duobus
245 1166 322 1229 loeis
345 1185 370 1229 e.
393 1166 484 1229 XXX
513 1173 587 1248 tsq.
619 1168 652 1231 et
680 1166 816 1230 LXXVI
848 1176 922 1249 asq.
966 1170 1073 1250 Atque
1104 1169 1157 1233 ille
1188 1168 1253 1233 iam

33 1272 203 1335 rectissime
227 1272 398 1336 restitutus
423 1272 473 1337 est
501 1291 558 1355 per
580 1273 767 1364 Munroum,
799 1274 854 1355 qui
883 1274 1036 1338 membris
1067 1275 1254 1353 coniunctis,

35 1395 108 1458 quae
131 1378 213 1442 falso
238 1379 476 1461 separabantur,
500 1379 561 1444 hae
585 1380 805 1445 emendatione
829 1380 941 1464 (quam
971 1381 1040 1464 ipse
1071 1399 1198 1463 quoque
1220 1381 1254 1444 in

32 1483 189 1568 veneram)
212 1485 361 1548 vitiosam
383 1485 553 1551 lectionem
576 1485 692 1550 eodieis
715 1485 745 1550 V
773 1474 885 1580 ‘quae'
911 1487 1063 1552 conexit:

206 1591 306 1672 Quom
329 1595 365 1654 tu
386 1589 585 1672 0091091000
607 1611 655 1656 me
678 1592 830 1656 miserum
853 1592 974 1656 deseris
995 1593 1033 1657 ia
1056 1591 1162 1672 malis,

205 1695 300 1761 Eheu
321 1697 402 1778 qaid
422 1698 558 1779 taedeat,
583 1698 643 1776 die,
667 1697 808 1764 1100111100
830 1699 920 1762 auiae
942 1697 1080 1763 babeant
1099 1698 1221 1780 pidem?

33 1803 125 1869 Cuius
149 1805 213 1870 1001
235 1805 531 1888 interpretationem
555 1806 634 1869 satis
663 1805 812 1870 idoneam
842 1805 1019 1870 Baehrensi
1049 1807 1256 1871 commentar.

30 1929 56 1992 p.
87 1921 152 1978 190
183 1912 321 1994 praebet.
373 1912 601 1977 Adnotaverim
631 1913 691 1977 1100
721 1932 837 1989 unum,
871 1912 951 1976 illud
981 1931 1074 1992 praem
1103 1932 1161 1995 per
1190 1913 1279 1980 vim.

32 2037 118 2083 suam
141 2019 311 2082 relativam
336 2018 374 2082 ad
399 2020 521 2083 statum
545 2019 759 2102 superioribus
782 2019 926 2083 versibus
951 2026 969 2084 3
995 2021 1030 2083 et
1053 2027 1074 2083 4
1098 2018 1257 2100 signifiea-

30 2126 95 2189 tum
118 2124 241 2190 referri.
286 2125 378 2190 Idem
400 2127 500 2204 igitur
523 2126 568 2190 sie
591 2126 723 2191 dixeris:
749 2144 846 2208 quom
869 2127 905 2189 tu
929 2144 980 2189 me
1013 2174 1040 2188 ..
1072 2125 1190 2190 deseris
1220 2173 1257 2204 ..,

32 2234 65 2294 nt
93 2251 160 2296 aaa
191 2231 319 2296 daddus
348 2231 475 2313 saltere,
506 2233 626 2296 nemini
660 2232 756 2297 fidem
785 2232 965 2298 habendam
1001 2250 1070 2297 esse
1106 2231 1256 2296 ostendis.

31 2339 229 2423 Aspernatur
250 2339 283 2403 id
298 2339 426 2403 Munroi
449 2339 615 2404 inventum
643 2339 759 2403 iniuria
780 2339 818 2403 R.
833 2339 966 2403 Riebter
989 2339 1022 2402 in
1044 2357 1148 2421 progr.
1171 2338 1258 2421 Lips.

32 2447 188 2528 gymnasii
210 2446 290 2528 regii
312 2453 394 2512 1881
420 2465 450 2528 p.
467 2447 532 2520 5³⁸3
557 2447 704 2528 opinatur
728 2445 932 2510 offensionem
954 2445 1073 2509 babere
1097 2463 1258 2526 gramma·

31 2553 125 2618 tieem
150 2553 320 2618 eoniunata
343 2553 423 2616 baee
448 2571 561 2648 tquom
591 2553 628 2616 tu
651 2553 793 2634 neglegis
818 2601 845 2615 ..
870 2552 946 2634 quid
968 2538 1121 2628 faeiant'‚
1150 2552 1257 2634 potius

32 2660 185 2724 sermonis
209 2678 272 2723 usn
294 2659 450 2743 postulari
476 2646 710 2753 ί011011ος1οἷ
757 2658 822 2724 Cur
844 2659 876 2723 id
906 2659 1101 2742 postuletur,
1124 2676 1188 2721 non
1212 2656 1259 2720 di-

32 2768 70 2830 011
93 2769 127 2831 01
152 2766 301 2847 equidem
323 2766 437 2830 neseio.
485 2765 548 2830 Sed
570 2767 732 2848 vituperat
761 2783 835 2830 eum
863 2764 1092 2829 ooniunationis
1126 2750 1256 2858 ‘quom‘

31 2891 133 2952 usum,
159 2873 215 2953 qui
237 2873 424 2955 plerumque
448 2873 622 2954 ignoratur.
668 2872 738 2936 Hae
761 2871 1023 2955 interpretatione
1048 2871 1145 2934 slmul
1167 2870 1258 2934 irrita

30 2979 110 3044 fiunt
133 2980 313 3043 tentamina
343 2979 384 3043 H.
411 2978 577 3042 Blirmneri
605 2976 793 3048 dolabra.
827 2987 887 3044 131
919 2997 950 3060 p.
979 2983 1172 3052 879-881,
1204 2975 1259 3057 qui

31 3087 135 3150 totum
161 3103 289 3150 earmen
311 3085 344 3149 in
361 3086 538 3168 systemata
558 3088 723 3149 ternorum
747 3103 898 3150 versuum
924 3084 1063 3167 partitur
1086 3081 1138 3166 (ef.
1162 3100 1259 3164 supra

31 3209 57 3274 p.
82 3191 149 3276 91.)
174 3194 207 3255 et
229 3209 340 3256 versus
365 3199 385 3255 4
420 3193 453 3256 et
484 3198 503 3256 t
532 3191 658 3256 inverso
688 3191 796 3256 ordine
826 3193 899 3274 post
929 3209 957 3254 v.
990 3197 1030 3255 10
1061 3188 1259 3253 eolloaandos

32 3317 99 3364 esse
125 3300 244 3363 eenset.

119 3406 212 3470 Alter
235 3406 344 3469 autem
367 3405 454 3468 loeus
477 3404 603 3487 pulchri
626 3405 720 3468 istius
738 3404 897 3481 carminis,
920 3403 1011 3468 euius
1028 3402 1066 3466 de
1082 3403 1164 3466 mira
1179 3401 1261 3466 veri-

31 3515 97 3577 tate
114 3513 152 3576 B.
171 3511 317 3576 Schmidt
338 3512 372 3575 in
394 3512 513 3594 proleg.
535 3531 565 3594 p.
589 3511 660 3574 XII.
676 3511 811 3574 LXXIX
833 3511 913 3576 bene
936 3509 1097 3586 iudicavit,
1121 3509 1167 3573 sie
1181 3507 1262 3572 mihi

31 3619 160 3684 eldetur
182 3619 404 3700 corrigendus:

215 3722 333 3789 Omnia
356 3743 468 3804 quom
490 3724 639 3805 ingratae
656 3723 829 3803 perierant
851 3721 974 3787 eredita
996 3723 1103 3800 merati,

213 3831 320 3912 Quare
343 3850 401 3895 car
423 3834 466 3892 tu
487 3835 516 3894 te
537 3831 606 3893 iam
629 3829 770 3909 amplias
793 3827 980 3893 aeternales?

34 3927 101 4032 ‘tu'
129 3938 310 4002 lelieissIme
333 3939 468 4002 inseruit
498 3937 549 4000 Fr.
574 3937 683 4002 Sebdll
705 3935 796 4000 Neue
819 3935 934 4001 Jahrb.
960 3943 1020 4000 121
1052 3954 1082 4017 p.
1106 3940 1185 4010 484,
1209 3941 1262 3998 22.

33 4044 169 4109 Hiatum
193 4045 278 4109 enlm
300 4045 387 4108 hune
418 4045 451 4108 in
482 4061 614 4109 oaesura
642 4043 836 4127 pentametri
867 4042 996 4107 tolerari
1024 4059 1117 4124 posse
1149 4039 1263 4122 Sydon

34 4151 69 4216 de
93 4151 296 4217 recensendis
314 4150 434 4216 Catulli
457 4150 649 4215 carminibus
673 4149 748 4213 diss.
763 4148 901 4212 Berolin.
926 4153 1009 4212 1881
1035 4167 1065 4230 p.
1087 4153 1127 4212 68
1137 4165 1184 4228 sq.
1208 4145 1262 4211 de·

33 4261 214 4323 monstrare
237 4276 300 4322 non
323 4257 437 4340 potuit.
483 4255 575 4336 Quod
598 4255 737 4320 traditur
764 4241 980 4350 ί0111110111οᾎ
1010 4252 1042 4317 id
1064 4253 1186 4317 mutari
1208 4271 1263 4318 vo·
