2928 4724
600 173 759 284 AL„

154 383 196 446 Iu
217 382 321 466 prima
346 382 517 464 hymenaei
548 383 678 465 stropha
707 381 843 465 Hesperi
871 381 1043 447 crudelitas
1073 385 1240 448 accusatur
1269 402 1289 448 a

64 491 192 574 puellis,
215 489 318 572 gratia
339 488 373 552 in
396 489 596 571 antistropha
619 507 638 552 a
660 488 827 553 iuvenibus
850 487 1016 552 laudatur:

157 603 209 662 20.
242 593 393 678 Hespere,
416 594 490 676 qnis
512 593 598 659 coeto
619 594 724 676 fertur
746 593 906 657 crudelior
928 593 1039 675 tynis?

248 701 312 782 Qui
334 703 445 764 natom
462 701 571 782 possis
593 699 756 782 complente
778 698 912 764 auellere
933 699 1057 778 matris,

249 804 421 888 Complean
443 807 559 871 matris
580 808 765 872 retinentem
787 805 921 872 avellem
942 811 1055 870 natam

245 913 290 978 Et
312 913 422 978 inveni
444 913 572 979 ardenti
594 917 716 978 costam
739 915 858 978 donare
878 912 1028 994 puellam.
1155 930 1158 936 ·

64 1024 116 1088 Ita
138 1022 318 1088 redduntur
339 1022 375 1085 hi
397 1040 508 1086 versus
532 1021 707 1086 secuudum
731 1022 870 1087 codicem
892 1023 933 1096 T;
956 1022 1020 1085 uisi
1043 1021 1127 1103 quod
1149 1021 1288 1086 ibicon-

58 1130 162 1211 plecu
185 1129 341 1206 traditur,
365 1127 449 1210 quod
471 1129 644 1211 praebebat
667 1127 696 1191 V
722 1147 845 1210 quoque
869 1129 902 1192 in
925 1149 952 1192 v.
978 1136 1028 1193 22.
1074 1131 1121 1192 Ac
1150 1128 1188 1193 de
1217 1147 1289 1193 con·

65 1236 241 1302 structione
271 1254 381 1300 versus
406 1243 447 1299 22
472 1234 618 1299 dubitare
641 1235 732 1312 licet,
755 1235 788 1299 in
819 1253 881 1316 quo
905 1235 1063 1300 sententia
1092 1235 1188 1318 priori
1216 1254 1287 1300 con-

64 1345 166 1409 traria
189 1362 262 1408 cum
285 1341 402 1407 affectu
423 1342 657 1425 pronuntiatur.
703 1343 774 1406 Iam
797 1343 879 1407 siin
902 1362 929 1407 v.
960 1351 999 1406 21
1032 1342 1098 1406 filia
1126 1343 1288 1406 reluctans

65 1470 84 1515 a
107 1450 274 1533 complexu
300 1449 413 1514 matris
443 1448 606 1526 avellitur,
639 1449 672 1512 id
705 1448 788 1530 quod
817 1448 961 1513 vocabuli
994 1451 1106 1512 notam
1135 1449 1169 1511 in
1198 1449 1287 1514 initio

64 1557 211 1622 collocati
240 1556 287 1620 vis
319 1555 471 1634 ostendit,
501 1558 605 1620 mater
634 1555 734 1620 filiam
762 1556 927 1638 complexu
956 1574 1013 1620 suo
1035 1557 1160 1620 retinet.
1190 1555 1288 1620 Porro

65 1665 286 1747 exspectamus
310 1662 371 1728 dici
393 1663 457 1727 ianr
487 1665 624 1727 matrem
648 1663 742 1727 avelli
765 1681 784 1726 a
807 1663 872 1726 fflia
895 1663 1051 1726 retinente
1082 1663 1100 1726 i.
1131 1681 1156 1727 e.
1181 1662 1287 1741 afilia,

66 1789 149 1854 quae
173 1772 242 1834 ruat
242 1789 310 1834 rem
333 1769 497 1852 complexu
521 1787 577 1833 333
601 1771 697 1834 tenet.

156 1876 235 1941 Inde
257 1875 409 1940 iudicium
431 1875 469 1940 fit
491 1875 529 1940 de
560 1895 598 1940 ea
628 1875 904 1959 interpretatione,
935 1893 1032 1956 quarn
1060 1875 1205 1939 nonnulli
1235 1894 1287 1938 33-

64 1984 294 2067 cogitaverunt,
318 1983 373 2064 qui
394 1981 427 2045 iu
448 1983 621 2065 posteriore
637 2000 732 2046 versu
765 1982 878 2046 matris
895 1968 1109 2063 complerum'
1129 1981 1286 2064 supplent,

63 2110 124 2156 nec
145 2091 253 2154 minus
269 2088 307 2153 de
325 2106 363 2152 ea
378 2089 566 2166 coniectura,
591 2107 688 2170 quam
713 2088 878 2153 Baehrens
899 2088 1096 2184 proposuit
1102 2074 1286 2164 retinente,

80 2199 120 2262 33
156 2199 269 2260 natam
307 2195 349 2259 sit
385 2213 550 2260 commune
588 2195 754 2259 obiectum.
804 2194 895 2260 Belle
925 2195 1083 2260 euim-
1111 2195 1286 2276 inquit—

64 2302 171 2386 siquid
195 2303 304 2378 sentio,
326 2304 395 2366 mat
395 2301 440 2365 ris
464 2301 674 2384 complexus
666 2320 735 2385 rpse
758 2301 834 2366 dicit
836 2321 874 2365 nr
894 2301 1030 2366 retinere
1047 2303 1111 2366 sive
1126 2321 1190 2366 uon
1205 2301 1286 2366 velle

63 2411 226 2476 dimittere
255 2409 369 2484 filiam;
395 2427 457 2490 qua
480 2409 514 2473 in
536 2427 570 2473 re
592 2409 694 2473 maior
717 2409 874 2492 opprobrii
896 2409 943 2473 vis
968 2427 1064 2490 quam
1086 2408 1121 2472 in
1142 2408 1208 2472 filia
1238 2426 1287 2472 re·

61 2519 131 2583 1333
132 2503 235 2581 ante.
280 2515 379 2580 Recte
347 2516 518 2593 tsensit‚
542 2516 597 2580 sed
621 2534 735 2580 conver
736 2515 906 2581 tendat
857 2519 906 2581 est
931 2516 979 2580 133
1009 2515 1218 2592 constructio,
1247 2516 1286 2578 33

62 2625 190 2709 puellae
212 2641 297 2687 nunc
321 2622 428 2687 dicant
449 2624 561 2686 natam
585 2622 693 2700 avelli,
723 2641 803 2704 quae
834 2625 970 2687 matrem
1000 2622 1090 2686 firmo
1121 2621 1286 2704 complexu

62 2735 161 2808 tenet,
185 2750 248 2795 uon
272 2747 352 2812 quae
375 2731 504 2794 tenetur
526 2748 546 2793 a
568 2731 679 2794 matre.
725 2729 839 2812 Itaque
862 2729 1079 2813 reponendum
1102 2730 1167 2793 est:

248 2834 461 2918 0339133333
483 2838 597 2902 matris
618 2837 803 2902 retinentem
827 2835 960 2902 auellere
982 2841 1102 2914 33333,

62 2948 98 3011 33
135 2965 173 3010 33
205 2963 268 3009 333
304 2944 431 3026 liuguae
462 2945 593 3027 vulgato
623 2945 810 3028 suppleatur
844 2963 881 3009 33
911 2945 1090 3010 3333333133
1126 2943 1284 3007 ablativus

65 3038 271 3151 complexu'.
316 3050 438 3115 Eadem
460 3051 719 3134 interpretatione
749 3051 864 3116 ductus
889 3049 1029 3128 Gronov,
1052 3052 1162 3134 postea
1184 3048 1285 3112 Freib-

61 3160 125 3225 lich
156 3158 290 3224 correxit
319 3155 483 3238 comptenn
511 3161 608 3222 33333
637 3158 824 3222 retinentem
859 3155 992 3222 avellere
1028 3159 1168 3220 matrem
1222 3154 1285 3220 sed

61 3265 142 3331 13133
154 3265 352 3348 complexum
374 3264 487 3328 matris
510 3265 556 3328 ita
578 3266 713 3346 uterquc
735 3264 901 3342 intellexit,
924 3266 961 3328 t
982 3265 1087 3328 mater
1109 3262 1161 3327 hic
1183 3261 1283 3326 filiam

63 3372 335 3456 complecteretur
387 3369 518 3435 Addidit
552 3371 666 3436 hicP.
697 3371 909 3449 Krambbolz,
946 3371 1001 3452 qni
1031 3368 1309 3435 emendationem'

62 3481 207 3543 nostram
224 3478 346 3561 probat,
363 3477 495 3560 cogitari
513 3496 636 3560 quoque
661 3497 753 3561 posse
772 3478 940 3543 lectionem
962 3475 1156 3557 comptorum
1169 3473 1283 3554 patris.

151 3583 237 3648 Nam
259 3585 297 3648 ut
320 3584 397 3648 alios
422 3585 591 3668 scriptores
615 3585 777 3662 omittam,
801 3585 887 3649 idem
917 3586 966 3649 est
995 3585 1062 3648 eius
1093 3581 1284 3647 substantivi

67 3677 280 3785 complexus
317 3709 395 3755 usus
425 3691 459 3755 in
490 3691 589 3756 altero
619 3693 687 3757 loco
712 3691 772 3757 Cat
773 3691 901 3756 alliano.
952 3690 991 3755 In
1022 3710 1047 3755 c.
1077 3687 1181 3754 LXIV
1220 3695 1282 3752 118

65 3799 143 3864 baec
167 3798 260 3862 sunt:

240 3900 305 3969 Sed
326 3903 406 3986 qnid
427 3924 481 3986 393
503 3925 525 3968 3
544 3905 652 3987 primo
673 3905 834 3987 dipressns
856 3904 1000 3969 carmine
1018 3901 1120 3984 ptura

245 4008 491 4090 0333333333,
513 4016 551 4076 nt
573 4011 720 4094 33933333
740 4012 894 4094 93333333
914 4011 987 4092 fitia
1009 4009 1134 4086 cottam,

246 4115 289 4183 Ut
311 4118 564 4199 comcnpninene
586 4117 788 4202 complentem,
811 4123 848 4182 nt
870 4117 1005 4200 deniqne
1026 4114 1149 4192 monn,

242 4224 360 4308 Quae.
387 4273 426 4289 ..
