2934 4742
162 441 193 504 p.
211 419 298 502 τερ.)
321 417 582 499 interrogativum
607 433 732 496 quoque
755 416 820 479 vim
843 415 942 479 habet
965 431 1002 478 sa
1025 431 1093 490 ror,
1115 432 1181 477 non
1199 414 1249 476 est
1263 413 1403 490 mirum,

165 525 315 606 quoniam
342 541 515 606 pronomen
542 521 623 586 illud
658 518 717 606 ‘ul
751 522 922 585 relativum
952 521 1214 601 interrogativum
1243 521 1307 584 vim
1340 540 1404 604 per

163 630 267 713 ipsam
289 630 376 695 verbi
391 629 682 712 pronuntiationem
705 627 969 708 interrogativum
992 626 1154 690 induebat.
1200 627 1283 690 Nam
1307 627 1401 708 quod

170 733 230 825 ‘ut’
268 737 301 800 in
330 735 630 816 interrogationibus
660 752 754 816 saepe
787 733 966 798 adhibitum
995 736 1045 797 est
1069 752 1143 796 oum
1165 733 1339 797 indicativo
1366 737 1404 797 et

165 843 379 919 coniunctim,
408 859 490 924 quae
520 842 559 905 ab
584 841 654 904 aliis
677 841 781 905 verbis
804 840 941 922 pondere
965 840 1116 904 dieuntur
1140 839 1192 923 (of.
1214 840 1298 904 Dahl
1323 841 1346 904 l.
1373 860 1403 905 o.

163 970 194 1034 p.
220 948 391 1032 17-34),
420 947 537 1012 idoiroo
559 965 624 1010 non
646 947 743 1011 habet
765 947 1028 1028 interrogativum
1052 947 1125 1011 vim.
1157 984 1199 992 —
1233 945 1293 1012 Sed
1324 943 1395 1034 ‘ut’

164 1059 294 1122 tantum
313 1055 358 1120 ibi
381 1054 588 1120 exclamantis
613 1053 749 1129 esttibi
773 1054 975 1117 enuntiatum
999 1053 1128 1133 aliquod
1144 1055 1250 1118 exstat
1265 1071 1404 1135 separa-

164 1166 235 1229 tum
263 1165 295 1226 et
324 1162 520 1226 disiunctum
551 1178 570 1222 a
600 1160 724 1240 reliqua
754 1161 903 1224 oratione.
958 1158 1050 1238 Quod
1080 1161 1107 1224 si
1139 1156 1232 1224 alteri
1265 1161 1402 1224 auidam

165 1270 272 1351 aliquo
300 1268 395 1333 modo
425 1267 625 1350 hypetaotioe
656 1267 806 1348 subiungi
833 1268 957 1349 potest,
989 1253 1053 1359 ‘ut'
1078 1285 1256 1348 numquam
1290 1269 1403 1332 enola-

164 1376 314 1442 matianis
348 1375 416 1438 vioe
451 1373 605 1455 fungitur.
655 1372 770 1455 Itaque
803 1376 841 1435 ut
875 1373 1019 1454 exempla
1055 1372 1212 1454 quaedam
1242 1392 1259 1437 e
1285 1374 1403 1438 Plauti

166 1481 364 1546 Mostellaria
388 1479 527 1557 afferam,
551 1498 662 1544 versus
689 1487 751 1544 170
775 1480 807 1543 et
825 1488 884 1544 171
911 1479 946 1543 L.
970 1480 1015 1543 sio
1039 1482 1114 1543 sunt
1137 1479 1375 1562 distinguendi:

254 1584 311 1650 Ita
333 1606 382 1649 me
405 1585 440 1650 di
464 1589 579 1663 ament,
605 1583 742 1666 lepidast
765 1583 914 1666 Scapha:
942 1585 1031 1665 sapit
1051 1585 1181 1650 scelesta
1204 1584 1352 1664 multam,

261 1691 304 1760 Ut
327 1691 430 1773 lepide
452 1693 556 1756 omnis
578 1711 680 1756 mores
702 1696 784 1756 terrei
806 1692 1040 1772 sententiasque
1062 1695 1238 1769 amanium,

165 1819 244 1878 non,
274 1803 313 1864 ut
334 1799 454 1864 Lorenz
478 1799 569 1876 feeit,
601 1799 695 1881 plena
724 1799 981 1882 interpunctione
1013 1798 1189 1881 separandi.
1235 1799 1319 1863 Nam
1344 1801 1402 1864 hio
1463 1769 1464 1796 Χ

167 1909 234 1974 eius
251 1907 367 1983 iudicii,
384 1906 468 1988 quod
484 1905 683 1970 Philolaches
707 1906 777 1982 fert,
800 1905 882 1968 ratio
904 1907 937 1968 et
953 1922 1050 1969 eausa
1066 1905 1273 1986 significatur.
1309 1905 1401 1970 Item

168 2033 219 2079 res
244 2033 277 2078 so
300 2013 397 2078 habet
420 2013 453 2075 in
476 2032 504 2075 v.
530 2017 648 2093 270sq.
663 2010 715 2074 L.:

256 2118 332 2184 Noa
354 2117 464 2183 videor
485 2117 605 2182 vidisse
629 2115 734 2180 lenam
756 2115 955 2182 callidiorem
977 2115 1080 2180 ollam
1102 2115 1246 2195 adeam,

263 2224 304 2291 Ui
328 2224 429 2307 lepide
451 2228 547 2305 atque
570 2227 672 2287 astate
696 2224 732 2287 io
754 2227 885 2288 mertem
909 2224 995 2287 verrit
1018 2223 1055 2287 de
1076 2222 1202 2303 speculo
1224 2223 1339 2289 malae.
1464 2245 1465 2250 ¹

170 2332 358 2399 Simillimus
383 2334 432 2398 est
453 2333 481 2396 is
504 2349 582 2396 usus
607 2332 639 2395 et
663 2350 821 2413 oongruus
849 2331 914 2396 fere
951 2332 980 2394 ei
1003 2332 1231 2396 ooniunotionis
1265 2320 1398 2428 ‘quom’

167 2440 303 2517 notioni,
344 2457 441 2520 quam
475 2456 572 2520 supra
602 2458 632 2520 p.
663 2446 781 2519 ltsqq.
812 2438 985 2520 explanavi.
1037 2436 1121 2516 Quin
1151 2438 1198 2501 ita
1226 2457 1264 2502 ea
1299 2457 1402 2519 quam

169 2546 232 2610 disi
256 2545 393 2610 oausalis
416 2545 502 2608 notio
527 2545 699 2608 statuenda
723 2545 773 2621 sit,
796 2564 859 2608 non
884 2544 1016 2609 dubium
1038 2543 1173 2608 fortasse
1197 2544 1344 2610 videatur
1361 2546 1403 2623 ei,

170 2652 225 2735 qui
240 2652 384 2716 Lorenaii
408 2651 561 2716 adnotata
584 2651 624 2715 ad
648 2671 675 2714 v.
693 2659 756 2717 268
780 2651 961 2733 inspexerit.
1009 2651 1059 2715 Ibi
1075 2651 1136 2715 duo
1152 2651 1208 2714 illa
1231 2652 1405 2718 enuntiata

168 2759 332 2824 inversum
354 2758 496 2822 ordinem
519 2758 656 2822 habent:

264 2862 306 2929 Ui
328 2861 491 2944 speratim
514 2863 654 2940 tenuisti,
680 2867 781 2927 oieiuo
803 2882 843 2927 oe
866 2861 955 2929 olant
978 2867 1143 2944 arqentor
1165 2882 1293 2927 monus

168 2969 275 3052 Affert
298 2970 417 3034 ibidem
452 2970 530 3034 alios
560 2970 653 3034 looos.
706 2969 764 3034 His
796 2970 835 3035 de
864 2971 969 3034 eausis
999 2989 1129 3036 neeesse
1160 2971 1210 3034 est
1242 2989 1403 3052 magnum

169 3077 261 3142 illurn
284 3077 500 3159 exemplorum
523 3095 708 3154 numerum,
741 3075 837 3158 quem
860 3077 946 3140 Dahl
968 3078 989 3140 l.
1013 3095 1038 3142 o.
1061 3096 1091 3159 p.
1116 3084 1237 3142 9-16
1262 3077 1403 3159 collegit,

171 3182 264 3248 aliter
287 3185 384 3264 atque
408 3183 452 3246 ibi
475 3181 597 3258 faotum
621 3184 726 3247 estin
750 3201 809 3246 sua
832 3202 949 3264 genera
971 3183 1115 3248 disoerni.

260 3286 423 3367 Quomodo
454 3289 656 3354 eonseoutiva
687 3293 719 3354 et
748 3289 853 3354 finalis
877 3291 925 3354 vie
947 3293 1150 3368 naseeretur,
1179 3290 1300 3372 paneis·
1319 3289 1403 3354 bene

170 3394 323 3460 indicavit
345 3394 380 3458 ll.
403 3393 599 3459 Hoffmann²
623 3396 643 3458 l.
667 3415 691 3460 e.
706 3416 737 3479 p.
754 3404 828 3476 202,
852 3415 878 3459 a.
897 3404 959 3462 148
977 3395 1115 3461 otDahl
1132 3397 1152 3460 l.
1168 3415 1193 3460 e.
1208 3416 1238 3479 p.
1257 3404 1318 3461 147
1330 3415 1403 3478 sqq.

259 3605 382 3670 Versus
414 3615 454 3673 93
486 3610 519 3672 et
551 3616 592 3674 94
623 3609 771 3686 multum
793 3609 982 3674 oonieoturis
1019 3609 1136 3674 tentati
1170 3609 1203 3672 in
1239 3607 1400 3674 oodioeV

172 3712 217 3780 sio
239 3712 304 3778 tere
328 3713 535 3795 legebantur:

349 3817 467 3884 Sidera
488 3839 547 3883 aar
568 3819 683 3884 iterent
704 3821 832 3886 utinam
854 3839 943 3886 aomo
965 3821 1056 3903 repia
1077 3820 1157 3901 riam

392 3923 566 3990 Proximos
589 3925 757 4008 tyctrootoi
778 3925 913 4009 salperet
939 3925 1069 3992 Oarion.

260 4035 307 4098 Ao
328 4032 470 4115 primum
494 4033 604 4114 quaeri
627 4033 731 4111 debet,
756 4052 838 4115 quae
862 4035 1021 4098 sententia
1043 4035 1102 4098 hoo
1125 4034 1194 4098 loeo
1218 4051 1329 4100 eomee
1345 4036 1406 4098 tri-

171 4137 299 4204 buenda
329 4137 379 4202 sit.
424 4139 557 4202 Dixerat
586 4157 678 4205 eoma
708 4158 743 4203 εε
767 4140 966 4217 discretiori,
996 4141 1057 4204 etsi
1087 4140 1175 4205 sidus
1195 4139 1285 4232 laeta
1308 4143 1406 4220 asset.

172 4261 247 4307 oum
270 4243 428 4324 cogitaret
451 4262 484 4308 se
508 4262 633 4326 semper
657 4263 675 4308 a
698 4244 845 4341 dominae
868 4246 985 4310 vertiee
1010 4245 1113 4311 afore:
1209 4311 1212 4318 ,
