2934 4742
691 203 850 298 —ltLIL

158 407 223 453 non
258 389 457 473 prohibetur,
496 389 577 452 nihil
610 389 745 472 impedit
779 390 856 472 quin
890 390 955 454 tale
990 390 1050 455 hoc
1083 391 1152 456 loco
1188 390 1289 456 fuisse
1323 394 1389 456 sta·

159 497 299 560 tuamus.

250 602 335 667 Nam
353 602 414 667 hac
429 602 573 666 lectionis
589 604 756 685 corruptae
779 602 906 667 medela
928 604 978 666 uti
994 604 1063 686 cogi
1078 604 1233 669 videmur.
1281 602 1389 683 Quid?

158 726 263 773 nonne
292 708 437 773 vocabuli
462 694 561 803 ‘acta'
593 709 613 772 i.
638 727 664 772 e.
689 709 774 805 tripa
797 727 891 773 casus
921 711 1036 791 aliquis
1067 711 1119 776 hic
1141 713 1247 776 locum
1270 712 1389 776 habere

159 817 288 899 potest?
336 814 399 880 Sed
422 816 562 898 primum
585 816 612 879 si
636 817 707 896 quis
730 834 881 898 reponere
905 817 1000 880 velit:

336 971 343 984 .
368 971 385 998 .,
410 941 481 987 cnm
503 926 533 986 tc
554 922 698 986 reducem
722 927 810 986 actae
828 942 987 1003 prospera
1008 923 1128 1001 sistent,

160 1028 288 1093 dativus
310 1028 395 1093 unde
418 1028 554 1111 pendere
577 1029 687 1111 possit,
709 1030 825 1106 nescio,
856 1030 1007 1110 quoniam
1030 1031 1115 1095 sicut
1139 1030 1255 1126 (redux
1277 1031 1311 1094 in
1333 1049 1389 1114 pa

159 1123 272 1199 triam'
299 1137 333 1199 et
356 1135 472 1198 similia
495 1134 653 1212 dicuntur,
676 1136 728 1199 vel
755 1136 803 1230 tin
820 1124 939 1201 actam'
965 1137 1016 1200 vel
1042 1137 1088 1232 tin
1112 1123 1199 1201 acta'
1227 1139 1388 1220 exspecta-

158 1259 241 1306 mus.
287 1241 372 1305 Nam
401 1259 529 1306 versum
559 1241 765 1307 Homericum
796 1242 835 1307 de
859 1243 982 1308 Achille
1016 1243 1063 1307 ita
1098 1245 1255 1308 convertit
1279 1243 1387 1309 Cicero

160 1347 199 1412 de
224 1347 318 1413 divin.
341 1347 358 1410 Ι
382 1354 434 1424 25,
457 1354 516 1412 52:

339 1454 435 1518 tertia
457 1458 487 1518 tc
508 1453 647 1518 Phthiae
669 1458 839 1534 tempestas
862 1453 948 1519 lacta
972 1453 1094 1518 locabit.

157 1559 292 1625 Accedit
324 1561 408 1642 quod
438 1561 475 1624 de
505 1562 574 1645 ripa
603 1561 656 1625 hic
684 1562 817 1643 cogitari
847 1580 911 1625 non
940 1563 1062 1644 potest,
1094 1562 1169 1642 quia
1198 1563 1386 1645 priusquam

159 1667 251 1731 navis
279 1670 409 1749 portum
439 1669 582 1750 ingressa
612 1669 669 1746 sit,
704 1687 759 1732 rex
782 1671 891 1732 monet
919 1670 957 1731 ut
980 1666 1114 1732 candida
1137 1669 1209 1733 vela
1232 1670 1388 1734 tollantur

161 1772 199 1839 cl.
223 1794 251 1838 v.
276 1782 435 1856 233sqq.:

345 1879 388 1947 Ui
409 1880 510 1945 sinnl
532 1902 570 1944 ac
592 1886 714 1945 nonnos
737 1881 876 1945 invisent
899 1879 1025 1944 lamina
1048 1879 1145 1958 callis,

339 1986 517 2052 Famestan
540 1991 700 2052 antennae
722 1987 882 2067 deponant
904 1986 1048 2067 undique
1069 1991 1181 2050 castam

342 2092 553 2176 Candidaque
575 2094 688 2158 intorti
709 2092 880 2158 sustollant
901 2091 971 2157 celae
993 2092 1151 2170 radentes,

164 2219 243 2282 quos
261 2201 500 2282 subsequuntur
516 2202 627 2265 statim
642 2201 704 2265 duo
730 2201 778 2265 illi
794 2219 915 2277 versus,
939 2218 1018 2281 quos
1033 2218 1120 2264 nunc
1141 2201 1331 2264 tractamus.
1348 2236 1387 2246 -

161 2307 233 2371 lam
259 2309 346 2402 (acta
368 2295 532 2390 prospera'
571 2308 591 2370 i.
616 2326 640 2371 e.
671 2326 722 2371 res
752 2306 888 2371 feliciter
917 2307 1027 2388 gestae
1050 2306 1128 2369 itam
1152 2305 1320 2384 dicuntur,
1353 2308 1389 2370 ut

164 2413 254 2479 Ovid.
284 2416 359 2479 met.
386 2413 434 2477 IX
464 2422 526 2480 247
558 2412 756 2477 immanibus
786 2414 866 2478 actis
896 2412 935 2476 de
957 2411 1112 2489 Hercule,
1145 2413 1228 2476 trist
1260 2412 1295 2476 H
1326 2420 1389 2478 335

163 2519 325 2584 immania
351 2517 502 2584 Caesaris
525 2523 612 2596 acta,
643 2520 661 2583 Ι
685 2528 713 2596 2,
739 2528 778 2586 97
804 2523 877 2583 acta
899 2517 1060 2595 monaca,
1084 2516 1216 2596 Quintil.
1239 2519 1271 2582 X
1297 2530 1325 2597 1,
1349 2526 1388 2584 56

165 2605 270 2707 qaid?
315 2625 468 2690 Hencnlis
491 2630 564 2689 acia
586 2644 651 2688 nan
674 2624 749 2689 benc
771 2623 979 2688 Pisandros?

254 2732 462 2798 Coniunctivo
493 2735 601 2798 autem
628 2733 805 2814 praesentis
844 2717 1047 2827 ‘agnoscam'
1084 2731 1165 2794 nihil
1197 2731 1391 2794 immutatur

166 2842 346 2922 temporum
369 2839 402 2903 in
425 2858 489 2904 uno
513 2840 600 2903 etin
625 2840 725 2902 altero
749 2838 914 2902 enuntiato
938 2837 1165 2918 aequabilitas,
1189 2838 1342 2919 quoniam
1363 2837 1389 2899 is

165 2947 327 3029 proximus
351 2947 401 3010 est
421 2945 529 3009 futuro
552 2945 698 3029 tempori.

253 3052 421 3117 Pertinent
437 3052 476 3117 ad
493 3052 626 3118 eandem
642 3051 779 3115 duarum
796 3051 956 3114 actionum
972 3051 1186 3115 condicionem
1208 3069 1266 3133 per
1284 3035 1387 3147 ‘cum'

164 3159 348 3222 iunctarum
378 3177 403 3223 c.
426 3159 455 3222 V
483 3166 590 3241 12sq.,
626 3158 682 3222 ubi
711 3177 785 3222 cum
814 3157 990 3222 Bichelero
1017 3155 1132 3220 libain.
1166 3156 1255 3220 Mns.
1279 3154 1390 3220 XVIII

164 3283 194 3347 p.
218 3272 280 3328 401
306 3265 420 3329 collato
444 3267 584 3330 carmine
607 3265 740 3348 Priapec
763 3263 824 3328 LII
849 3272 888 3328 12
913 3266 1041 3347 propter
1063 3264 1146 3328 hanc
1168 3264 1273 3346 ipsam
1297 3263 1390 3328 ratic·

165 3388 241 3434 nem
265 3371 506 3451 grammaticam
531 3371 733 3436 scribendum
758 3373 823 3434 est:

585 3478 699 3558 neqnis
720 3475 828 3541 malcas
851 3475 996 3540 incidere
1012 3475 1127 3556 possit,

383 3580 464 3648 Onna
488 3588 612 3647 tantum
635 3584 711 3648 sciet
733 3603 799 3648 csse
822 3583 993 3648 basianam.

166 3690 283 3756 Modus
316 3691 400 3755 enim
432 3691 650 3755 coniunctivus
684 3678 794 3786 ‘sciat'
826 3709 882 3773 per
911 3709 1026 3754 causae
1055 3691 1212 3756 rationem
1243 3688 1391 3773 erphoari

165 3817 230 3862 non
253 3799 373 3881 potest,
398 3797 547 3879 quoniam
571 3816 669 3862 causa
692 3799 886 3861 extrinsecus
911 3797 1033 3860 adscita
1055 3797 1107 3861 hic
1129 3797 1220 3861 nulla
1244 3799 1308 3874 est,
1337 3794 1389 3860 sed

166 3905 236 3986 ipsa
252 3904 413 3968 actionum
429 3903 570 3969 condicio
594 3907 626 3969 et
648 3908 765 3968 natura
781 3921 912 3968 causam
935 3904 1032 3981 illam,
1057 3922 1155 3984 quam
1179 3903 1306 3967 omnino
1328 3921 1390 3965 non

166 4010 363 4074 intellectam
390 4011 579 4093 plerumque
610 4013 647 4074 ut
682 4011 749 4074 cius
785 4010 977 4074 coniunctivi
1003 4011 1163 4093 propriam
1192 4008 1391 4091 grammatici

166 4115 432 4196 interpretantur,
462 4118 548 4181 ultro
577 4117 682 4180 infert.
729 4116 791 4181 Sed
819 4117 890 4199 ipsa
922 4105 1068 4209 ‘causae'
1102 4134 1184 4198 quae
1207 4115 1392 4198 perhibetur

167 4219 296 4282 notione
320 4221 455 4301 deposci,
478 4225 516 4284 ut
539 4222 717 4286 coniunctio
738 4209 837 4317 ‘cum’
858 4223 1093 4287 coniunctivum
1116 4223 1243 4299 habeat,
1267 4220 1392 4285 omnino
