2934 4742
730 228 890 320 Q

196 415 357 498 quendam
393 417 534 499 primum
569 416 692 481 aditum
730 417 770 481 ad
799 415 947 481 Lesbiam
980 414 1108 481 Catullo
1143 417 1294 497 paratum
1326 415 1424 480 fuisse

196 521 404 605 significabat.

285 733 444 814 Quoniam
467 754 552 800 nunc
575 736 713 800 vidimus
728 735 790 799 hac
811 751 908 816 quam
923 734 1145 818 proposuimus
1161 734 1423 817 interpretatione

195 840 401 907 difficultates
426 859 507 924 quae
532 845 627 906 antea
651 842 823 906 obstabant
844 859 955 906 omnes
980 841 1066 906 ultro
1082 840 1148 906 iere
1164 841 1326 919 removeri,
1349 841 1423 906 binc

193 965 305 1013 rursus
329 949 430 1032 ipsius
453 949 540 1013 illius
563 948 834 1032 interpretationis
864 947 985 1012 ventas
1013 948 1169 1012 firmatur.
1214 948 1420 1032 Tripertitpm

193 1055 367 1137 igiturest
395 1055 455 1120 hoc
485 1057 590 1120 totum
619 1073 748 1120 carmen
777 1056 829 1119 vel
857 1055 962 1137 potius
992 1054 1196 1137 bipertitum,
1227 1054 1284 1118 sed
1310 1055 1359 1118 ita
1387 1057 1422 1118 ut

194 1162 287 1225 nulla
310 1162 410 1226 trium
441 1162 557 1226 barum
585 1162 726 1245 partium
756 1178 775 1225 a
803 1161 934 1249 reliquis
966 1160 1059 1225 avelli
1089 1161 1205 1243 possit,
1236 1163 1271 1225 ot
1299 1160 1361 1225 hac
1389 1179 1421 1224 re

194 1267 445 1333 dissimillimum
469 1268 662 1333 carminibus
685 1267 772 1332 LXV
797 1270 830 1332 et
852 1267 966 1344 LXVI,
990 1267 1075 1348 qnod
1097 1285 1208 1350 reapse
1231 1267 1292 1331 hae
1315 1269 1421 1350 partes

192 1375 373 1440 necessaria
397 1377 430 1439 et
452 1373 615 1440 individua
637 1375 761 1440 unitate
777 1375 1007 1440 consociantur.
1045 1375 1117 1438 Iam
1139 1373 1166 1438 si
1189 1374 1276 1457 typis
1298 1393 1421 1457 quoquc

194 1500 233 1546 ca
263 1481 403 1546 condicio
432 1481 699 1564 repraesentanda
734 1484 798 1558 est,
832 1482 865 1545 id
901 1481 948 1546 ita
978 1483 1107 1545 tantum
1137 1480 1206 1545 fieri
1234 1482 1358 1565 potest,
1386 1483 1423 1545 ut

195 1605 307 1652 versus
330 1607 388 1670 per
410 1589 470 1652 has
494 1589 560 1653 tres
582 1590 691 1672 partes
715 1588 866 1653 continuo
888 1590 1114 1665 numerentur,
1142 1589 1226 1652 sicut
1255 1588 1421 1670 hucusque

193 1694 383 1778 plerumque
406 1693 529 1759 iactum
552 1696 610 1772 est,
634 1693 689 1759 scd
712 1695 816 1778 prima
845 1713 920 1777 pars
952 1695 991 1759 ab
1023 1695 1138 1771 altera,
1168 1695 1248 1758 haec
1279 1713 1299 1758 a
1328 1694 1421 1758 tertia

193 1799 290 1865 unius
324 1819 436 1865 versus
471 1801 574 1884 spatio
604 1801 835 1866 dimoveantur.
886 1800 978 1880 Quod
1006 1819 1093 1865 nunc
1123 1800 1269 1866 videmus
1302 1800 1421 1865 iactum

196 1925 265 1973 csse
288 1908 321 1971 in
344 1907 381 1971 B.
407 1908 575 1972 Schmidtii
597 1907 819 1990 recognitione.

284 2118 407 2184 Versus
432 2127 562 2185 27-89
587 2121 633 2185 sic
657 2121 757 2186 edidit
780 2121 949 2186 Schwabe:

376 2244 493 2326 Quare,
517 2244 602 2326 pared
622 2245 737 2310 serabis
767 2244 911 2310 Veronae
934 2251 1028 2326 turpe
1053 2243 1181 2310 0888118
1214 2299 1221 2307 .

419 2349 500 2415 Esse
523 2350 607 2433 qaod
628 2350 680 2415 bie
703 2352 810 2432 quivis
832 2351 871 2416 de
893 2350 1021 2416 meliore
1043 2355 1119 2416 8888

372 2457 515 2540 Fra'po'da
537 2457 657 2522 deserto
680 2460 844 2540 tepefactet
866 2459 1006 2523 membra
1028 2457 1136 2535 cubili,

196 2581 283 2647 sed
275 2601 360 2647 rnv
385 2590 425 2648 29
449 2584 549 2648 tradit
550 2603 589 2648 ur
614 2572 795 2680 tepefacit'
821 2585 878 2650 aut
904 2583 1095 2681 ttatepefac
1101 2572 1194 2668 (M
1217 2585 1370 2667 tepefacit
1356 2583 1456 2648 881

195 2687 297 2753 188888
321 2688 358 2754 ci
381 2687 519 2754 Hermes
544 2655 683 2773 18888.
714 2691 801 2773 573).
848 2691 910 2756 Sed
941 2710 1012 2756 cam
1041 2691 1210 2756 lectionem
1239 2693 1421 2774 corruptam

196 2815 266 2862 esse
290 2815 393 2879 neque
424 2798 518 2863 licere
549 2816 699 2880 reponere
731 2797 867 2862 formam
897 2799 1038 2880 adquam
1067 2817 1124 2880 per
1156 2785 1307 2890 ‘tepe-‘
1340 2817 1421 2862 ccm-

193 2903 332 2988 positam
355 2905 434 2969 bene
459 2905 605 2969 demonst
606 2905 689 2969 ravit
700 2904 863 2970 Baehrens
888 2926 917 2989 p.
934 2912 1068 2987 498sq.;
1093 2907 1203 2968 tamen
1229 2890 1421 2999 torpescit,

196 3010 313 3093 quod
304 3029 372 3094 ipse
396 3012 572 3094 repositum
595 3011 874 3088 vulttsententice
896 3012 949 3076 hic
971 3012 1170 3077 desideratae
1193 3030 1256 3075 non
1281 3013 1332 3076 est
1352 3029 1420 3094 pro

193 3118 264 3201 pria
287 3137 354 3182 vox.
400 3115 565 3198 Quomodo
589 3118 674 3182 enim
702 3106 881 3215 torpescit
907 3119 951 3196 is,
981 3119 1036 3201 qui
1060 3119 1161 3183 amica
1185 3119 1296 3182 caret?
1333 3116 1420 3196 Quae

195 3223 239 3287 sit
261 3211 460 3306 torpescendi
488 3225 552 3303 vis,
583 3225 615 3290 id
645 3225 788 3290 declarat
773 3228 827 3289 tur
850 3226 998 3290 verbit
970 3212 1226 3321 torpeiaciendi’
1252 3225 1318 3289 sive
1357 3226 1454 3288 t-or

194 3319 339 3414 porandi'
365 3332 501 3396 notione.
534 3332 710 3416 Noniusp.
737 3340 798 3398 182
819 3332 863 3396 M.
876 3332 1008 3416 praebet
1022 3333 1118 3397 haec:
1145 3331 1342 3429 ί,8888888818
1365 3348 1421 3412 pro

195 3435 370 3535 torpefccit.
423 3437 583 3521 Turpilius
607 3438 764 3503 Hetaera:

374 3547 446 3624 eru'
471 3561 621 3644 stupidus
645 3561 769 3626 adstat:
792 3559 842 3626 irc
864 3561 934 3626 eius
957 3561 1102 3642 acpccto's
1123 3581 1237 3642 reperte

420 3685 473 3731 cor
495 3666 671 3748 torporeoc't
693 3668 817 3734 bdmiac'
840 3656 963 3733 amore?

197 3790 407 3884 Scribendum
433 3793 482 3856 est
505 3811 562 3875 per
585 3793 822 3858 coniunctivum
846 3793 885 3858 ad
909 3793 1046 3860 alienam
1069 3794 1248 3877 opinionem
1272 3794 1419 3858 denotan-

196 3898 271 3968 dam
294 3898 335 3975 id,
359 3898 443 3980 quod
466 3899 611 3963 codicum
634 3917 759 3981 quoque
783 3899 926 3982 apicibus
949 3903 1097 3964 accurate
1121 3900 1308 3984 respondet:

399 4021 542 4104 Fripidc
565 4021 686 4088 deserto
708 4021 891 4086 tabescet
913 4021 1053 4088 membra
1076 4022 1184 4089 8888818.

194 4147 242 4209 Ac
265 4145 304 4210 dc
327 4148 501 4212 accusativi
523 4166 585 4211 usu
608 4147 679 4212 vide
703 4147 787 4211 locos
811 4148 877 4211 iam
899 4147 1129 4213 aBaehrensio
1146 4150 1260 4214 allatos
1277 4168 1302 4214 c.
1317 4147 1417 4214 LXIV

197 4257 248 4314 84.
279 4257 330 4315 65.
384 4251 469 4318 Nam
503 4240 693 4349 ‘tabescere'
731 4254 781 4316 est
810 4252 965 4318 desiderio
995 4254 1105 4319 confici
1134 4256 1200 4320 sive
1231 4256 1419 4353 ῐ8888888188
