2928 4724
776 190 794 247 6

172 373 337 451 monetur,
360 391 399 438 no
424 373 546 438 duobus
570 375 700 457 reliquis
724 375 873 452 dominis,
895 376 978 459 patri
1002 377 1035 440 et
1057 375 1176 452 matri,
1197 374 1409 457 adversetur.

172 477 285 560 Neque
315 480 450 562 amplius
481 483 642 546 certamen
664 482 745 546 illud
768 483 908 560 ducitur,
938 482 1021 564 quod
1046 484 1140 546 antea
1162 475 1246 546 inter
1269 481 1409 565 puellas

173 586 342 666 querentes
367 586 435 650 erat
458 588 491 650 et
513 587 642 652 iuvenes
666 606 777 652 earnm
800 589 932 653 crimina
953 587 1166 665 defendentes,
1190 587 1245 652 sed
1268 589 1336 652 iam
1365 605 1409 652 ea

173 691 384 756 controversia
406 692 453 756 ita
476 693 651 771 dirimitur,
680 696 718 758 ut
747 695 831 759 idem
855 697 1082 777 argumentum
1112 693 1211 759 semel
1233 693 1409 777 prolatum

169 796 275 861 denuo
298 797 487 863 immutetur
509 801 638 863 tantum
669 802 701 864 et
723 819 786 865 non
810 801 876 866 sine
901 801 1008 882 aliqua
1029 801 1197 866 venustate
1226 801 1409 883 paululum

173 901 330 981 flectatur,
355 904 410 968 sed
426 906 562 986 utraque
578 906 660 970 ratio
685 906 795 970 eodem
817 907 910 985 redit,
933 907 966 971 id
991 908 1075 988 quod
1098 925 1208 973 versus
1227 915 1266 972 61
1286 909 1407 990 aperte

174 1010 315 1074 declarat

544 1116 659 1198 quibus
677 1135 794 1198 perere
815 1135 938 1182 neeesse
961 1121 1006 1182 est

174 1224 307 1288 collatus
331 1242 405 1288 cum
427 1242 522 1289 versu
546 1232 586 1290 65
611 1225 688 1289 hoc:

542 1349 654 1412 genero
677 1351 739 1395 suc
760 1331 839 1394 iero
862 1330 1035 1396 dederent·

175 1433 344 1500 Certamen
372 1435 471 1517 igitur
499 1455 563 1500 non
594 1437 813 1514 continuatur,
848 1438 904 1502 sed
934 1439 1045 1519 argute
1069 1439 1102 1502 et
1125 1438 1287 1519 eleganter
1310 1457 1404 1503 oom-

173 1541 318 1624 ponitur‚
347 1541 496 1623 qnoniam
519 1544 594 1606 talis
617 1543 776 1608 conclusio
799 1543 898 1608 totins
922 1544 1069 1610 carminis
1093 1543 1236 1621 consilio,
1268 1545 1320 1608 cui
1344 1563 1403 1609 ac·

175 1648 400 1726 commodatur,
424 1648 550 1732 deposci
572 1649 706 1714 videtur.

264 1754 358 1820 Certe
382 1776 410 1821 v.
436 1763 476 1821 62
507 1757 539 1820 et
569 1774 649 1837 quae
681 1757 859 1838 sequuntur
892 1756 1044 1820 iuvenum
1077 1758 1206 1820 tantum
1241 1756 1288 1820 ori
1324 1775 1403 1821 con-

174 1862 323 1938 veniunt;
348 1863 445 1944 quid?
471 1881 550 1945 quae
566 1863 769 1946 praecedunt,
793 1863 820 1926 si
836 1863 949 1944 puellis
965 1861 1133 1926 tribuenda
1149 1864 1246 1926 sunt?
1270 1863 1402 1946 Nempe

174 1969 282 2034 mariti
311 1971 381 2034 iura
409 1971 539 2035 iuvenes
569 1971 716 2048 tuentur,
750 1969 805 2051 qui
825 1987 938 2050 penem
960 1969 1216 2052 patrocinantur;
1239 1970 1401 2052 virginem

178 2075 388 2141 adhortantur
416 2078 556 2160 puellae,
584 2076 661 2140 dum
690 2077 724 2139 in
753 2076 949 2140 adlocutione
972 2075 1114 2179 vocativo
1137 2075 1225 2156 virgo
1248 2076 1401 2154 utuntur,

175 2183 340 2264 coniugem
369 2184 469 2248 talem
491 2184 510 2246 i.
535 2203 560 2248 e.
587 2183 686 2247 talem
716 2183 818 2264 qualis
850 2184 899 2246 est
929 2183 993 2247 sivo
1020 2171 1207 2278 tuirtutibus
1236 2182 1303 2246 tam
1333 2184 1401 2248 exi-

174 2280 290 2353 mium'
315 2289 493 2354 laudantes.
538 2292 584 2354 Ac
607 2291 796 2354 vocabulum
821 2277 927 2386 ttalis'
953 2289 1000 2353 ita
1022 2289 1117 2370 vulgo
1140 2289 1304 2371 usurpari,
1341 2289 1400 2353 do-

176 2397 254 2460 cent
271 2397 322 2460 vel
344 2396 378 2461 hi
400 2396 461 2461 loci
490 2395 649 2461 Ciceronis
678 2416 735 2479 pro
768 2395 837 2460 Sex.
859 2397 950 2460 Roso.
973 2403 1030 2473 52,
1055 2403 1133 2460 151:
1163 2395 1320 2459 nimirum
1350 2395 1399 2459 se'-

174 2500 296 2566 mililer
325 2501 529 2566 arbitrentur
557 2502 613 2565 esa
644 2502 794 2567 bonorum
823 2507 986 2582 eruptores,
1017 2521 1070 2565 cos
1098 2500 1163 2580 hie,
1193 2501 1272 2566 tales
1300 2503 1399 2580 ciros,

175 2606 288 2685 sedere,
312 2608 369 2689 qui
392 2607 563 2688 acceptatis
585 2628 644 2686 eos,
668 2608 724 2689 qui
747 2607 784 2672 de
806 2609 876 2672 suis
898 2607 1047 2672 monibus
1062 2607 1231 2689 effugerint
1252 2610 1285 2672 et
1300 2609 1399 2673 divin.

175 2716 208 2778 in
232 2714 321 2780 Caee.
348 2724 397 2792 16,
421 2723 480 2781 51:
504 2713 560 2778 sed
580 2713 618 2778 de
639 2715 700 2778 isto
723 2714 847 2779 mstode
868 2718 928 2778 toto
950 2714 998 2778 eie
1019 2714 1105 2778 cobis
1134 2713 1315 2778 brevissime
1346 2735 1398 2780 re·

175 2821 346 2901 spondebo:
377 2840 442 2885 eoa
475 2839 539 2885 esse
567 2820 622 2886 tos
648 2819 728 2885 tela
760 2821 846 2884 ciros
874 2821 1108 2898 emansores,
1140 2823 1177 2884 et
1199 2869 1206 2884 .
1231 2869 1269 2884 ..
1321 2821 1398 2884 Vir-

176 2929 319 3010 ginitatis
349 2947 422 2993 vero
456 2947 571 2992 nomen
608 2947 628 2992 a
658 2927 824 2992 iuvenibus
853 2929 886 2991 in
920 2927 1010 2991 initio
1037 2945 1148 2993 versus
1178 2927 1319 3010 positum
1349 2928 1398 2992 ita

175 3034 240 3098 fere
264 3035 467 3100 collocatione
489 3036 630 3111 notatur,
652 3035 690 3098 ut
713 3051 749 3098 eo
773 3033 968 3112 adducamur
990 3034 1121 3098 iuvenes
1150 3033 1183 3097 id
1206 3034 1398 3098 vocabulum

176 3140 217 3204 ad
250 3142 430 3224 puellarum
469 3142 564 3206 rerba
605 3140 763 3224 quaedam
804 3140 981 3204 alludentes
1022 3140 1148 3205 referre.
1203 3140 1263 3204 His
1296 3141 1398 3223 igitur

175 3247 351 3311 rationibus
383 3249 514 3330 apparet
542 3267 643 3312 unum
666 3265 794 3313 versum
816 3246 1013 3310 intercidisse
1038 3248 1110 3311 ante
1134 3233 1263 3311 versum
1287 3254 1338 3324 59,
1362 3247 1397 3311 in

177 3372 239 3436 quo
261 3353 477 3435 virginitatem
499 3353 564 3418 ianr
587 3354 638 3419 rol
661 3354 786 3435 coniugi
809 3353 916 3418 deberi
938 3354 990 3417 vel
1009 3354 1076 3418 eius
1091 3353 1161 3418 fieri
1174 3355 1396 3418 memorabant

175 3461 308 3543 puellae.

264 3566 379 3631 Verbis
403 3566 501 3648 igitur
525 3584 605 3648 quae
630 3568 756 3630 exstant
777 3566 811 3629 in
834 3566 938 3631 codiee
961 3566 987 3630 T

624 3675 732 3736 atae
754 3691 811 3736 aee
827 3691 944 3754 papea

177 3781 405 3845 continuantur
436 3779 592 3862 quaedam
623 3779 736 3862 priora.
781 3779 852 3843 Iam
882 3797 956 3843 eum
983 3797 1039 3842 aee
1058 3798 1170 3859 papea
1198 3779 1324 3860 integra
1353 3779 1395 3842 sit

177 3890 210 3951 et
237 3888 323 3951 iusta
347 3890 509 3952 structura
533 3925 574 3932 —
603 3905 680 3950 nam
703 3885 741 3950 de
764 3887 932 3967 negatione
955 3905 1011 3950 aee
1033 3887 1066 3949 in
1089 3887 1182 3951 modo
1204 3885 1393 3969 prohibitivo

177 3996 331 4077 usurpata
366 3997 398 4059 et
433 3994 517 4077 apud
545 3993 708 4059 Catullum
746 3993 891 4074 legitima
932 3992 970 4056 cf.
1000 3993 1144 4057 Kihneri
1174 4011 1306 4074 gramm.
1339 3993 1394 4056 lat.

176 4099 211 4164 H
233 4120 262 4183 p.
288 4109 349 4166 147
359 4119 405 4182 sq.
428 4137 471 4148 -
500 4119 557 4184 pro
587 4100 691 4164 verbis
720 4102 749 4162 et
770 4103 829 4162 tec
850 4099 977 4163 videtur
997 4099 1231 4164 emendandum
1259 4101 1395 4163 esseest
1454 4155 1455 4184 ,

177 4209 236 4269 luc
265 4227 306 4272 so.
336 4207 509 4290 virginitas,
538 4225 634 4290 quarn
657 4207 796 4284 iuvenes,
820 4205 898 4270 dum
919 4205 1100 4289 puellarum
1123 4205 1252 4288 aliquod
1274 4205 1394 4269 dictum
1454 4199 1455 4208 ’
