2934 4742
733 233 894 323 -Q

378 418 466 483 Nem
488 439 590 500 eaeque
611 423 679 482 lem
695 417 831 500 plumae
853 439 910 483 aee
932 413 1079 498 strapas
1100 413 1189 494 pieta
1211 429 1356 494 soporem

379 525 446 588 Nec
468 525 591 589 soebus
608 525 763 607 placidae
786 525 899 592 ducere
915 527 1023 606 posset
1045 541 1158 603 aquae,

199 633 239 696 ut
260 632 328 696 iure
353 651 409 696 suo
433 650 486 698 eos
502 632 539 696 R.
555 632 687 697 Riohter
710 631 918 709 damnaverit,
943 631 1018 712 quia
1040 629 1125 693 idem
1147 627 1196 692 bis
1220 625 1347 690 dieitur.
1383 623 1422 686 At

200 738 317 802 Tibulli
349 738 477 820 quidem
507 757 544 803 ea
572 740 622 802 est
652 739 822 820 singularis
851 739 968 814 virtus,
997 738 1035 799 ut
1064 735 1224 798 variorum
1254 730 1421 796 affeetuum

200 845 373 926 imaginem
407 863 533 927 semper
563 845 697 926 singulis
725 845 929 909 lineamentis
960 825 1040 907 loeo
1063 859 1121 906 suo
1157 838 1273 904 additis
1311 836 1422 901 sensim

201 951 327 1034 expleat
349 969 453 1033 neque
476 970 632 1033 umquam
655 971 712 1035 per
735 952 855 1015 saltum
879 951 1020 1032 aliquem
1042 966 1094 1012 res
1109 946 1230 1011 medias
1248 945 1316 1009 sive
1331 945 1425 1007 inter·

201 1056 349 1122 cedentes
372 1059 517 1122 transeat
542 1060 600 1122 aut
622 1058 702 1122 duas
727 1059 866 1122 aetiones
889 1057 1072 1122 notionesve
1097 1053 1189 1135 quasi
1212 1051 1353 1116 confusis
1376 1068 1423 1113 eo·

199 1165 319 1229 loribus
347 1165 450 1247 pietas
480 1166 707 1247 repraesentet.
759 1164 830 1228 Iam
860 1165 887 1228 si
915 1164 968 1228 bio
998 1161 1110 1226 statim
1139 1159 1271 1236 diceret,
1300 1159 1422 1222 noetem

199 1270 329 1353 propter
344 1269 457 1334 fletum
474 1270 667 1352 vigilandum
690 1289 769 1349 esse,
792 1270 872 1334 luas
896 1270 1045 1345 notiones,
1069 1285 1206 1348 quarum
1229 1265 1332 1328 altera
1355 1281 1424 1326 oon-

201 1375 323 1440 dioione
347 1395 405 1440 sua
429 1376 564 1440 alteram
588 1377 711 1460 exeipit,
734 1397 797 1442 uno
830 1376 914 1441 dioto
945 1375 996 1440 vel
1026 1373 1191 1438 enuntiato
1222 1368 1425 1454 permisceret

202 1483 235 1546 et
258 1481 420 1565 superflua
442 1488 550 1546 essent
573 1483 747 1565 sequentia.
780 1483 885 1546 Immo
907 1482 954 1545 ita
977 1480 1080 1545 dicere
1112 1477 1263 1554 debebat,
1292 1475 1368 1539 iude
1391 1491 1425 1536 ex

67 1657 73 1672 ,
202 1605 240 1652 ea
264 1587 434 1652 solitudine
459 1591 492 1653 et
514 1589 619 1672 inopia
643 1591 758 1654 amoris
783 1589 913 1654 secundi
943 1587 1056 1652 fletum
1084 1585 1186 1661 nasei,
1215 1582 1299 1646 unde
1331 1582 1424 1644 etiam

202 1696 329 1759 noctem
360 1694 503 1759 futuram
534 1714 603 1760 esse
631 1697 809 1760 insomnem
839 1695 890 1760 vel
919 1695 952 1758 in
981 1693 1076 1776 Tyrio
1105 1693 1182 1756 toro.
1233 1689 1329 1753 Hune
1359 1703 1424 1750 esse

201 1820 318 1866 nexum
342 1803 502 1866 sententia
526 1821 608 1884 quae
630 1821 687 1885 per
709 1822 787 1866 aem
811 1802 995 1884 adiungitur
1017 1797 1217 1874 manifestat,
1248 1795 1304 1860 sed
1334 1796 1372 1857 ut
1398 1792 1424 1854 is

202 1926 301 1972 nexus
325 1911 543 1990 cognoscatur,
566 1909 626 1973 hoa
648 1908 741 1973 modo
765 1927 876 1973 versus
908 1917 948 1974 75
974 1909 1006 1971 et
1031 1915 1071 1973 76
1096 1901 1312 1984 distinguendi
1335 1899 1425 1964 sunt:

383 2015 471 2096 (leid
498 2015 596 2096 Tyrio
619 2015 770 2078 recubare
793 2018 859 2079 toro
881 2014 952 2078 siae
975 2031 1082 2076 amore
1104 2008 1240 2075 seeundo

380 2119 540 2187 Prodest?
562 2141 633 2185 eum
654 2121 732 2200 fletu
755 2140 819 2185 eoae
840 2119 1011 2204 oipilaeeda
1033 2118 1127 2182 uenit.

207 2214 317 2320 ‘Cum'
343 2229 585 2312 praepositionis
608 2231 676 2294 loeo
690 2229 837 2306 habetur,
858 2247 922 2292 non
939 2225 1185 2292 ooniunetionis:
1207 2222 1316 2287 venire
1332 2220 1427 2302 igitur

204 2333 321 2397 dieitur
343 2353 404 2398 nox
427 2355 498 2398 eam
519 2334 605 2414 fletu,
630 2354 727 2418 quam
750 2354 823 2399 mox
844 2333 1046 2417 oipileadem
1067 2332 1135 2396 fieri
1159 2330 1296 2395 additur.

293 2548 384 2611 Alter
406 2548 494 2612 loeus
517 2548 551 2612 Π
575 2557 603 2626 5,
629 2556 692 2614 110
715 2549 826 2631 utpote
850 2549 1018 2630 corruptus
1041 2547 1106 2609 iem
1129 2543 1215 2609 varie
1239 2539 1424 2606 eonieoturis

203 2653 347 2718 tentatus
371 2656 421 2718 est
445 2656 483 2720 ab
506 2655 607 2732 Italis,
631 2657 668 2719 ut
692 2672 710 2719 a
732 2655 980 2719 recentioribus:

296 2769 356 2827 107
381 2759 450 2824 Ars
473 2761 571 2825 boae:
593 2759 650 2825 seol
667 2765 838 2840 postquam
859 2759 997 2839 sumpsit
1017 2757 1081 2822 sibl
1103 2755 1167 2821 tela
1192 2752 1326 2836 Gepida,

426 2865 503 2930 Heu
525 2866 586 2930 beu
609 2886 706 2947 quem
730 2864 840 2929 multis
862 2886 919 2930 are
941 2864 1028 2928 dedii
1050 2862 1111 2927 illa
1133 2859 1273 2926 endam!

381 2972 428 3037 Ee
450 2972 531 3036 mibi
548 2973 743 3054 praeclpme:
766 2973 854 3036 iaceo
876 2992 948 3035 eum
969 2971 1102 3035 saueius
1126 2981 1249 3033 ebreum

296 3088 359 3146 110
426 3079 474 3144 Er
493 3080 585 3161 faveo
608 3079 722 3158 morbo,
746 3098 816 3143 eoem
839 3078 931 3142 levet
953 3078 1022 3158 lpse
1044 3076 1141 3154 dolor,

389 3184 494 3266 Usque
516 3205 596 3250 eene
618 3184 789 3264 Nemesim,
813 3186 883 3248 siae
905 3205 971 3266 que
993 3203 1103 3248 uersas
1125 3182 1206 3247 milei
1227 3179 1340 3246 ealles

434 3291 538 3357 Verba
555 3297 659 3373 potest
680 3292 781 3356 iustos
804 3295 862 3355 eut
883 3291 1024 3374 reperire
1040 3288 1148 3372 pedes.

204 3398 346 3479 Apparet
385 3401 493 3462 autem
531 3419 620 3491 ‘oum
653 3387 758 3463 iuvat'
794 3399 882 3462 nullo
918 3398 1012 3462 modo
1047 3396 1177 3460 tolerari
1210 3413 1319 3478 posse;
1354 3412 1424 3458 nam

206 3502 332 3566 etiamsi
358 3490 476 3598 ‘iuvat'
503 3521 608 3568 oarere
631 3507 740 3587 posset
763 3522 822 3568 sua
849 3523 883 3568 re
912 3503 1048 3580 obieeta,
1080 3501 1229 3584 quoniam
1260 3519 1276 3565 e
1304 3519 1425 3584 praeoe-

207 3608 297 3672 denti
319 3627 394 3673 vooe
427 3599 564 3705 ‘morbo'
596 3629 669 3675 eam
699 3611 844 3694 supplere
871 3611 997 3686 liceret,
1026 3611 1135 3673 tamen
1166 3595 1269 3704 toum‘
1302 3607 1424 3672 omnino

206 3714 331 3778 nullam
354 3717 485 3798 praebet
507 3717 678 3782 notionem.
714 3716 834 3782 Contra
849 3717 975 3780 Amoris
999 3715 1127 3797 quidem
1151 3715 1216 3779 tela
1239 3701 1316 3779 dioit
1338 3714 1426 3798 poeta

207 3823 311 3885 artem
326 3839 419 3886 suam
433 3823 591 3905 poetieam
615 3824 696 3888 nihil
717 3824 831 3900 valere,
852 3824 949 3886 immo
972 3823 1032 3886 hao
1053 3823 1124 3905 ipsa
1145 3822 1273 3886 illorum
1295 3823 1427 3886 telorum

205 3928 271 3992 vim
294 3929 327 3992 in
349 3929 462 3993 multis
486 3931 595 4012 augeri
619 3933 652 3994 et
675 3931 717 3993 ali
741 3966 783 3977 -
815 3947 891 3994 nom
920 3929 1006 3992 notio
1040 3915 1147 4024 ‘mali'
1176 3929 1210 3991 in
1240 3946 1336 3992 versu
1367 3934 1425 3991 108

206 4037 462 4114 commemorata,
487 4037 571 4118 quod
594 4055 646 4101 ars
669 4037 793 4119 poetioa
816 4036 880 4100 iam
903 4037 936 4099 et
959 4035 1071 4099 multis
1096 4036 1129 4099 et
1145 4035 1204 4098 sibi
1223 4034 1284 4117 ipsi
1301 4033 1427 4110 dederit,

205 4142 391 4224 praevalens
416 4144 466 4206 est
489 4145 521 4207 et
544 4143 751 4224 sequentibus
776 4160 902 4224 quoque
925 4143 1061 4206 tenetur.
1103 4141 1211 4205 Priore
1235 4143 1345 4205 autem
1364 4141 1427 4204 loeo
1458 4195 1459 4202 ,

206 4246 348 4328 positum
375 4247 455 4311 illud
481 4237 582 4343 <oum'
609 4249 713 4344 (pum
735 4235 851 4332 iaoeo’)
875 4248 1017 4312 eiusdem
1042 4250 1092 4313 est
1113 4247 1267 4324 notionis,
1297 4246 1336 4312 de
1367 4263 1424 4329 qua
