2928 4724
690 190 847 280 *aa*

154 378 207 442 Ita
231 379 288 459 qui
311 377 408 441 libere
433 379 611 441 consortem
627 378 712 441 utin
729 379 843 443 esteris
866 379 913 442 ita
937 380 1043 442 aetate
1067 380 1308 444 convenientem
1325 381 1394 445 sibi

155 484 261 565 elegit,
286 482 443 565 quomodo
466 483 574 562 magni
596 484 629 546 in
654 501 693 546 ea
716 485 887 548 aestimare
919 486 1027 566 potest
1049 483 1081 547 id
1106 484 1188 566 quod
1211 485 1280 568 ipse
1303 486 1392 550 bene

154 577 332 672 resperiti'
381 588 490 668 Quid?
525 590 632 672 siper
660 590 794 655 eandem
816 589 1021 673 oppositionis
1051 591 1206 655 rationem
1231 592 1330 656 aliam
1353 595 1397 656 et

155 697 313 760 diversam
337 695 551 760 eondieionem
574 695 620 758 rei
642 696 816 760 attributae
840 696 873 759 in
896 696 1077 778 puellarum
1101 699 1215 761 eantus
1239 699 1389 762 versibus

155 812 198 869 46
223 805 255 866 et
277 811 318 867 47
345 803 538 866 substituere
562 802 659 865 velis:

336 905 416 972 Oeam
438 913 561 972 σασσανν
584 907 697 971 ammei
713 906 837 987 polluto
860 927 988 987 corpore
1009 907 1128 986 floreta,

332 1013 399 1078 Nee
417 1014 531 1094 pteris
552 1013 692 1077 σ’σσααάα
714 1019 820 1077 maaet
840 1033 897 1077 nee
919 1034 999 1076 σανα
1016 1013 1146 1094 puellis,

154 1125 357 1188 monstruosa
381 1121 497 1185 evadat
520 1122 687 1184 sententia.

244 1228 306 1292 Vel
328 1229 363 1290 hi
386 1227 445 1291 looi
469 1228 615 1310 explieati
632 1227 795 1292 suffieiunt
818 1229 859 1292 ad
883 1247 954 1292 eam
978 1229 1202 1309 congruentiae
1226 1229 1389 1294 rationem

155 1335 414 1418 eognoscendem
439 1353 501 1415 qna
524 1335 556 1397 in
573 1333 751 1398 definienda
766 1334 982 1417 philosophiae
1006 1333 1130 1398 auxiliis
1153 1335 1276 1418 paratis
1301 1355 1393 1400 nune

43 1446 54 1464 '
154 1443 245 1507 iaeile
270 1460 424 1506 oaremus.

243 1548 314 1612 Iam
338 1546 421 1628 quod
437 1547 530 1610 Riese
554 1547 724 1630 vituperat,
746 1547 826 1610 illud
850 1547 953 1627 mopis
976 1547 1139 1610 aiminus
1159 1566 1224 1611 non
1246 1548 1293 1611 ita
1309 1551 1391 1630 apte

156 1657 292 1738 apoeta
316 1653 466 1729 adhiberi,
491 1672 588 1735 quam
611 1673 673 1716 non
697 1673 808 1717 verum
832 1655 875 1717 sit
897 1655 1037 1736 apparet.
1081 1653 1185 1717 Immo
1213 1653 1387 1718 dioendum

155 1763 205 1827 est
228 1760 348 1826 Catulli
372 1762 440 1823 arte
464 1759 687 1824 difficultatem
712 1759 873 1841 quandam
897 1760 1073 1824 sententiae
1096 1761 1265 1824 verborum
1288 1761 1387 1825 eollo·

155 1869 278 1934 eatione
302 1867 447 1930 sollerter
470 1867 623 1930 evitabam
646 1885 724 1930 esse.
771 1867 912 1932 Colloeat
941 1867 1025 1929 enim
1048 1867 1081 1928 in
1104 1866 1195 1930 initio
1220 1867 1288 1930 eius
1311 1886 1386 1933 ver-

156 1994 210 2040 sus
244 1975 407 2038 notionem
440 1993 521 2036 σανα
555 1973 625 2036 oe'ro
658 1975 751 2057 (σανα
785 1977 834 2037 est
868 1974 901 2036 in
925 1973 959 2036 M
994 1973 1031 2038 of.
1061 1973 1101 2036 Κ.
1124 1972 1159 2036 Ρ.
1184 1972 1318 2038 Sobulre
1348 1974 1384 2037 in

153 2082 274 2146 Herma
300 2088 385 2145 1888
417 2101 446 2164 p.
470 2086 552 2153 589;
589 2099 670 2160 quae
693 2081 842 2144 eorrectio
870 2080 996 2144 librario
1028 2079 1190 2162 debetur);
1226 2079 1386 2160 virginem

155 2189 240 2252 enim
264 2207 320 2270 per
342 2187 471 2269 nuptias
496 2203 604 2248 earam
633 2186 701 2248 fieri
724 2186 790 2250 viro
814 2187 924 2250 eontra
946 2185 1126 2267 puellarum
1151 2185 1283 2248 erimina
1306 2185 1386 2250 affe-

154 2301 246 2368 runt;
281 2295 314 2358 et
340 2291 443 2372 moues
466 2309 573 2355 earam
602 2293 759 2373 simulque
787 2292 896 2354 miuus·
918 2292 1054 2354 invisam
1077 2292 1181 2354 matri.
1221 2291 1385 2356 Nimirum

153 2401 219 2464 filia
247 2400 350 2481 magis
381 2399 495 2463 oolitur
523 2400 555 2462 et
585 2400 690 2462 minus
720 2399 900 2480 neglegitur
931 2399 996 2461 sive
1026 2399 1133 2462 minus
1164 2398 1299 2462 molesta
1323 2401 1385 2476 est,
1457 2373 1459 2488 t

155 2527 228 2572 oum
261 2507 414 2570 maritum
449 2508 543 2569 nauta
577 2505 646 2568 erit.
697 2506 781 2570 Nam
811 2508 882 2569 tum
913 2504 1057 2581 demum,
1092 2507 1129 2568 ut
1164 2507 1249 2569 reete
1282 2505 1387 2569 sensit
1456 2493 1458 2606 t

154 2614 194 2677 H.
215 2613 352 2694 Magnus
381 2611 424 2676 N.
449 2610 582 2675 Jahrbb.
618 2620 702 2678 1876
733 2633 761 2695 p.
790 2621 870 2686 403,
906 2612 1011 2692 aliquo
1046 2611 1114 2674 looo
1148 2611 1258 2675 haberi
1292 2613 1386 2676 solet.

155 2719 253 2783 Vides
285 2737 381 2801 quam
411 2738 473 2782 non
500 2709 644 2813 ‘aeriter'
677 2718 709 2781 id
732 2721 892 2802 opponant
921 2719 1050 2781 iuvenes
1082 2720 1115 2781 et
1139 2736 1236 2799 quam
1265 2718 1386 2800 impor-
1455 2763 1456 2846 1

155 2831 232 2892 tune
264 2841 383 2890 omnes·
398 2844 451 2889 eas
475 2827 650 2889 sententias
674 2825 861 2889 tractaverit
884 2825 924 2887 Κ.
947 2823 1087 2887 Pleitner
1111 2825 1131 2886 l.
1155 2843 1180 2886 e.
1202 2843 1233 2905 p.
1258 2832 1314 2900 64,
1346 2825 1386 2888 ut

154 2935 206 2997 hio
229 2952 245 2996 e
269 2932 413 3015 pluribus
443 2933 642 3008 nominetur,
677 2933 733 3013 qui
763 2933 841 2996 haee
870 2933 981 2994 narrat
1003 2930 1178 2994 mirabilia:
1214 2929 1324 2992 diesen
1347 2930 1386 2992 in

155 3038 216 3102 deo
242 3035 412 3117 Gesoopeo
435 3037 491 3100 dar
514 3037 624 3101 beiden
652 3034 754 3100 Ubere
776 3035 891 3116 soboas
908 3033 1182 3098 beroortreteodea
1207 3033 1386 3116 Gepeasatz

156 3143 213 3206 der
233 3141 501 3222 pessimtstisobea
523 3143 730 3224 Auffassaap
754 3142 911 3207 desselben
934 3141 1115 3223 Vorpaapes
1137 3161 1198 3205 oon
1220 3141 1305 3205 sebee
1329 3141 1386 3204 der
1452 3127 1453 3206 i

156 3247 380 3329 Jaapfraaea,
412 3249 464 3312 dte
492 3270 556 3312 aar
578 3249 721 3314 sebwore
743 3249 850 3325 sebee,
882 3247 952 3311 aad
974 3248 1031 3312 der
1052 3246 1304 3326 optimtste'sobea
1327 3247 1387 3312 der
1451 3235 1452 3328 i

156 3353 351 3435 maulam,
381 3355 481 3418 denen
504 3354 582 3418 alles
604 3356 641 3417 a'a
663 3357 797 3436 resipem
819 3354 929 3418 meaa
953 3354 1106 3419 ersebea'at
1202 3391 1243 3402 -·
1267 3354 1385 3437 Itaque
1449 3357 1451 3458 1

156 3464 262 3526 taeere
286 3462 395 3526 lioebit
418 3460 456 3524 de
486 3462 581 3524 huius
613 3462 810 3542 aliorumque
834 3463 1036 3538 eonieoturis,
1066 3461 1180 3542 quibus
1204 3481 1316 3525 versus
1341 3469 1385 3527 58

156 3571 325 3650 corruptus
349 3569 407 3631 est.

728 3841 810 3924 111.

244 3992 315 4057 Iam
338 3993 366 4056 si
388 3994 487 4057 totius
511 3994 706 4058 earminis
731 3994 907 4064 ordinem
932 3997 970 4058 et
993 3993 1254 4077 partitionem
1277 3994 1386 4076 perlu-

336 4099 370 4162 in
391 4101 494 4183 prima
517 4104 608 4182 parte
632 4118 746 4165 seaena
770 4103 802 4164 et
824 4102 905 4164 aetio
928 4101 1006 4182 ipsis
1034 4100 1233 4164 sermonibus
1256 4117 1386 4182 reprae-

369 4207 395 4281 ἢ,
418 4206 502 4286 quod
524 4206 567 4269 ll.
591 4205 701 4288 Haupt
724 4207 762 4270 de
787 4206 980 4270 Graeeorum
1003 4205 1175 4287 tragoediis
1199 4205 1386 4270 oomoediis-
