2928 4724
47 405 80 467 ct
102 410 144 468 47
170 402 349 480 adhibetur,
372 403 405 466 in
422 402 644 485 explanatione
660 401 804 466 eiusdem
828 403 1009 468 structurae
1025 403 1059 467 in
1075 404 1276 488 antistropha

46 512 219 593 usurpatae
243 511 426 574 disseretur.

135 722 203 786 Nec
225 724 332 787 minus
355 724 387 787 in
412 723 611 804 antistropha
633 721 775 786 Plcitncr
797 723 817 786 l.
834 741 859 787 c.
875 742 904 805 p.
922 731 995 788 75-
1010 733 1051 789 79
1076 728 1162 790 recte
1179 743 1276 806 quae-

45 829 120 893 dam
155 828 250 906 vidit,
285 829 323 894 de
356 830 471 909 quibus
506 827 651 892 omnium
678 829 892 911 interpretum
922 832 1099 895 communis
1129 831 1194 897 fere
1225 835 1276 898 est

45 953 141 1012 error,
173 935 256 1016 quod
279 935 376 999 nimis
398 936 592 1018 longinquae
615 953 666 1000 res
691 936 854 1015 quaesitae
880 938 956 999 sunt
979 955 996 1000 e
1019 938 1164 1002 versibus
1186 939 1274 1003 hisce

45 1041 81 1105 dc
104 1042 181 1118 vite,
206 1060 284 1123 quos
311 1041 460 1106 Schwabe
484 1042 530 1106 sio
553 1041 694 1106 exhibet:

231 1145 273 1212 Ut
294 1147 395 1211 viduo
417 1148 455 1210 οὐ
477 1147 564 1212 audo
586 1147 662 1211 vitis
685 1167 768 1228 quoe
789 1148 938 1212 nuscitur
961 1169 1038 1213 urvo

158 1263 201 1320 50
224 1253 466 1335 Numquamne
490 1251 619 1332 ectottr't,
642 1273 818 1335 numquam
842 1254 949 1318 mitem
973 1255 1087 1320 aduocat
1108 1277 1213 1336 avom,

225 1359 291 1425 Sed
311 1363 453 1424 macram
474 1379 575 1440 ουυυο
599 1359 762 1441 deflectens
780 1360 922 1442 pondere
945 1381 1061 1443 corpses

223 1465 298 1530 Iam
321 1467 388 1530 iam
411 1467 564 1548 coodtnptt
586 1487 744 1530 sommum
767 1466 878 1531 radice
899 1465 1080 1549 stapedum

223 1572 321 1637 Hanc
343 1572 429 1637 nulli
453 1571 622 1655 apricoloe,
646 1572 732 1636 nolli
754 1572 878 1638 υοῑυονο
899 1574 1045 1639 tovena:

222 1679 269 1743 Aa
290 1681 320 1744 sa·
341 1679 423 1760 forte
445 1679 554 1744 eodem
577 1683 622 1743 est
643 1678 728 1743 abac
751 1680 920 1744 minnota
943 1681 1068 1759 morito,

156 1793 198 1853 55
221 1785 325 1850 Motu
347 1785 439 1850 illam
463 1785 631 1868 agricolae,
654 1785 750 1850 motti
771 1785 895 1850 cubuere
918 1787 1052 1851 iuvant.

38 1894 249 1976 Intellegltur
280 1895 365 1958 enim
395 1895 435 1958 ab
458 1893 606 1958 omnibus
635 1894 692 1956 illa
721 1893 853 1975 virginis
886 1913 959 1957 cum
987 1895 1052 1959 vite
1077 1897 1272 1979 comparatio

38 2002 91 2078 ita
116 2003 159 2064 ut
182 2019 219 2066 ea
243 2018 324 2082 quae
347 2002 380 2065 in
403 2000 488 2065 nudo
513 2018 587 2063 arvo
604 2001 747 2064 nascitur
769 2001 844 2064 vitis
867 2018 1046 2081 numquam
1068 2003 1180 2067 mitem
1196 2003 1273 2068 edu·

38 2127 109 2173 care
150 2126 248 2171 uvam
289 2107 464 2171 secundum
498 2106 647 2170 Italicam
681 2107 797 2170 vitium
839 2107 1001 2170 culturam
1039 2108 1180 2185 dicatur,
1220 2111 1272 2174 cui

37 2217 233 2298 plerumque
256 2214 336 2278 illud
360 2213 503 2290 additur,
533 2213 632 2277 vitem
656 2232 781 2295 quoque
805 2213 891 2277 ulmo
917 2213 1101 2306 adiunctam
1125 2215 1164 2279 ad
1189 2216 1273 2281 eius·

38 2321 111 2387 dem
139 2323 243 2386 terrac
267 2340 389 2386 morem
411 2320 579 2403 pertinere.

130 2427 289 2507 Quoniam
314 2429 398 2492 enim
412 2429 472 2493 hoc
488 2445 617 2491 carmen
641 2428 681 2491 ad
706 2427 853 2510 Sapphus
879 2429 1040 2510 exemplar
1062 2427 1185 2493 sactum
1201 2449 1270 2496 esse

37 2535 184 2617 vulgaris
208 2536 277 2598 erat
298 2535 411 2616 opinio,
438 2534 561 2616 primus
584 2534 740 2597 Emcatus
764 2533 803 2597 de
826 2533 967 2598 Leutsoh
991 2534 1025 2596 in
1049 2531 1190 2615 Gdttiap.
1212 2534 1270 2617 pel.

37 2641 121 2707 Aua.
152 2648 236 2706 1855
260 2660 290 2722 p.
316 2647 400 2705 1992
426 2641 537 2704 attulit
559 2641 664 2704 locum
686 2640 788 2721 Longi
809 2640 844 2705 Π
869 2650 885 2704 1
912 2640 950 2704 de
973 2641 1088 2704 vitium
1110 2641 1144 2704 in
1166 2637 1270 2706 Lesbo

38 2750 168 2813 cultura
191 2748 293 2811 huno:
318 2757 412 2811 πᾶσα
437 2748 497 2833 γὰρ
518 2746 586 2834 <ῆ>
615 2747 700 2810 κατὰ
723 2746 781 2833 τὴν
795 2743 929 2829 Λέσβον
951 2743 1099 2828 ἄμπελος
1121 2748 1270 2835 ταπεινή,

38 2853 73 2919 od
95 2851 262 2940 μετέωρος
284 2851 358 2918 οὐδὲ
380 2851 585 2939 ἀναδενδράς,
608 2851 692 2917 ἀλλὰ
707 2851 796 2917 κάτω
812 2853 855 2916 τὰ
878 2852 1029 2940 κλήματα
1052 2849 1269 2918 ἀποτείνουσα

37 2960 93 3026 καὶ
118 2962 234 3047 ὥσπερ
264 2960 373 3036 κιττὸς
400 2957 572 3047 νεμομένη·
607 2957 665 3024 καὶ
695 2962 779 3036 παῖς
803 2959 842 3024 ἂν
865 2957 1013 3048 ἐφίκοιτο
1035 2959 1172 3046 βότρυος
1194 2959 1271 3049 ἄρτι

36 3068 95 3145 τὰς
116 3069 230 3152 χεῖρας
252 3063 289 3131 ἐκ
312 3065 508 3152 σπαργάνων
530 3064 708 3148 λελυμένος.
739 3067 872 3132 Accedit
886 3066 990 3131 Varro
1015 3069 1069 3149 qui
1084 3087 1109 3130 r.
1124 3067 1182 3130 r.I
1202 3076 1231 3147 8,
1248 3076 1267 3135 5

37 3179 149 3238 vineae
174 3192 275 3254 genus
298 3173 358 3237 hoo
381 3172 527 3236 concinat
553 3173 601 3270 <in
626 3191 687 3254 quo
713 3175 799 3236 terra
823 3173 941 3238 cubilia
963 3173 1095 3257 praebet
1117 3174 1204 3251 uris,
1231 3178 1271 3239 ut

36 3282 69 3346 in
98 3281 179 3344 Asia
206 3280 318 3343 multis
343 3267 446 3355 locis'‚
475 3281 602 3361 practer
628 3280 686 3344 hos
715 3279 753 3344 cf.
777 3279 806 3341 V
837 3279 933 3344 Hehn
962 3280 996 3343 in
1025 3277 1206 3360 Kulturpft
1236 3302 1268 3345 α.

36 3385 401 3468 Houctierc³p71sq
425 3393 544 3467 bdtsq.
589 3384 680 3450 Idem
703 3387 849 3451 culturae
874 3405 975 3467 genus
999 3388 1031 3450 et
1054 3387 1269 3470 compluribus

38 3492 231 3559 Germaniae
254 3493 332 3557 locis
354 3492 541 3557 institutum
565 3511 634 3557 esse
658 3495 692 3557 ct
714 3493 829 3558 vitium
854 3493 1030 3557 cultoribus
1053 3494 1269 3558 commendari

35 3601 221 3683 nuperrime
261 3599 295 3662 in
330 3600 410 3664 actis
445 3599 568 3663 diurnis
610 3599 681 3681 legi.
736 3599 807 3663 Iam
844 3599 929 3681 quod
962 3600 1102 3664 Leutsoh
1140 3601 1270 3682 negavit

37 3707 167 3770 omnino
201 3707 246 3770 ibi
274 3707 356 3770 vites
380 3706 545 3770 arboribus
570 3705 746 3788 applicatas
769 3705 884 3783 fuisse,
916 3706 949 3770 id
974 3706 1101 3788 quidem
1131 3709 1269 3771 nonest

36 3831 165 3889 verum,
194 3813 346 3894 quoniam
378 3811 504 3894 Sappho
534 3845 579 3859 -·
606 3813 645 3876 ut
671 3810 711 3874 V.
740 3811 835 3876 Hehn
865 3813 885 3875 l.
915 3832 942 3877 c.
969 3831 999 3895 p.
1031 3821 1070 3878 71
1106 3811 1268 3890 indicavit,

37 3918 72 3981 B.
91 3917 239 3982 Schmidt
261 3917 398 3982 maxime
421 3918 683 3982 commemoravit
705 3919 739 3980 in
761 3918 881 4000 proleg.
904 3937 934 4001 p.
949 3917 1067 3982 LXXV
1090 3953 1135 3963 -
1157 3936 1267 3983 vocem

38 4021 247 4107 ἀμαμάξυόες
275 4023 316 4109 (v.
339 4024 377 4088 tr.
404 4024 478 4107 150)
509 4023 663 4088 adhibuit.
708 4024 829 4088 Tamen
851 4024 953 4106 Longi
981 4024 1163 4088 testimonio
1193 4043 1268 4089 oon-

39 4131 123 4196 stitit
144 4130 268 4196 Bonino
291 4130 312 4196 1.
336 4151 361 4196 c.
384 4150 414 4214 p.
433 4138 516 4212 usq,
539 4149 604 4195 non
626 4131 673 4194 ita
695 4132 896 4213 repugnante
920 4132 1030 4195 contra
1053 4147 1124 4197 eam
1147 4131 1267 4213 opinio·

38 4255 113 4302 nem
134 4237 172 4301 B.
198 4237 374 4302 Schmidtic
397 4238 418 4301 l.
442 4255 469 4301 o.
493 4255 568 4301 eum
589 4255 713 4301 morem
735 4236 861 4301 Lesbiis
883 4235 1041 4318 Asiaeque
1064 4236 1195 4302 minoris
1217 4237 1266 4301 in-

1014 4340 1051 4395 5·
