2928 4724
559 213 717 306 A
759 197 760 200 γ

43 403 253 486 interpretatio
275 403 309 467 id
332 404 440 486 ipsum
456 403 559 467 denuo
583 405 758 482 confirmat,
782 403 866 485 quod
890 405 991 489 posui,
1014 405 1048 469 in
1069 405 1159 470 initio
1184 406 1256 488 qui-

45 510 105 574 dem
127 511 264 574 alterum
286 511 419 574 chorum
441 511 574 574 alterius
603 511 699 576 verba
721 529 785 574 non
806 511 972 593 respicere.
1023 501 1250 608 ‘Consurgere‘

43 618 129 698 igitur
143 616 275 680 denotat
289 616 501 680 voluntariam
526 617 688 697 quandam
711 618 744 681 et
767 617 961 698 singularem
977 618 1143 696 actionem,
1169 638 1254 715 ‘sur-

44 710 118 805 gere'
144 725 176 788 et
201 723 358 818 (linquere
387 710 528 788 mensas'
554 724 720 805 vulgarem
744 725 777 788 et
800 741 1000 788 communem
1022 742 1143 790 morem
1167 743 1193 790 e.
1217 745 1255 804 c,

46 832 91 911 qui
111 849 185 895 cena
208 831 338 913 peracta
361 830 412 894 vel
435 832 576 912 tempore
594 830 685 894 solito
709 830 840 894 obtinet.
870 830 935 895 Eae
959 831 1069 895 autem
1091 831 1124 894 in
1147 832 1252 896 verbis

45 938 229 1020 simplicibus
260 939 293 1001 et
323 936 356 1000 in
379 937 483 1001 verbis
506 955 563 1018 per
587 923 702 1032 tcom·>
728 936 909 1019 compositis
931 937 1099 1001 notionum
1121 938 1252 1003 diversi-

44 1047 130 1120 tates,
159 1044 221 1108 etsi
251 1061 376 1126 semper
405 1042 445 1106 ad
475 1061 573 1106 unam
604 1042 739 1106 eandem
768 1061 805 1106 ac
831 1043 1016 1125 primariam
1040 1042 1252 1108 differentiam

44 1151 177 1228 redeunt,
209 1153 318 1215 temen
342 1168 398 1233 pro
425 1149 472 1213 rei
496 1150 648 1230 cuiusque
673 1167 755 1230 quae
780 1149 885 1230 agitur
908 1150 1063 1214 varietate
1085 1151 1173 1233 ipsae
1195 1169 1252 1216 va·

44 1257 162 1322 riantur.
207 1257 352 1322 Eandem
384 1275 458 1321 vero
489 1257 522 1319 in
552 1256 615 1320 hac
644 1273 723 1319 usus
754 1255 938 1320 diversitate
974 1256 1184 1322 stabilitatem
1219 1259 1256 1322 et

45 1365 244 1428 constantiam
268 1382 379 1428 omnes
403 1364 505 1458 bpnae
522 1363 723 1444 antiquitatis
740 1363 909 1445 scriptores
933 1363 966 1426 et
988 1363 1098 1445 poetas
1122 1366 1251 1428 susten-

44 1473 133 1535 tatam
168 1472 320 1554 praebere
358 1470 390 1534 id
430 1470 573 1552 quidem,
613 1486 809 1551 quamquam
847 1470 917 1552 ipsa
954 1469 1070 1533 horum
1108 1471 1251 1535 omnium

44 1579 205 1658 cognitione
227 1596 291 1642 non
314 1577 452 1653 edoctus,
485 1579 595 1641 tamen
618 1578 697 1640 satis
720 1576 833 1641 idonea
854 1576 969 1641 notitia
993 1577 1121 1641 adiutus
1144 1577 1254 1642 firmo·

45 1702 94 1764 que
124 1686 283 1749 certarum
312 1683 473 1748 rationum
495 1683 651 1766 pracsidio
674 1683 800 1748 innixus
829 1684 898 1748 iure
920 1702 991 1748 meo
1021 1683 1156 1749 fidenter
1178 1703 1253 1750 con-

43 1790 154 1856 firmare
172 1791 285 1855 ausim.
315 1791 428 1873 Neque
444 1809 517 1856 vero
534 1791 685 1873 exempla,
710 1809 790 1872 quae
814 1790 1059 1855 innumerabilia
1082 1790 1147 1856 iere
1164 1793 1252 1870 sunt,

44 1897 180 1962 deficiunt
203 1916 274 1963 eam
298 1899 452 1962 sermonis
475 1899 588 1980 legem,
612 1897 667 1962 sed
692 1898 759 1962 eius
783 1898 862 1979 legis
879 1896 1040 1962 distinctio
1056 1899 1089 1961 et
1112 1898 1194 1962 ratio
1211 1899 1253 1962 ab

43 2004 100 2086 ipso
127 2005 223 2069 huius
251 2005 428 2087 particulae
459 2023 554 2069 com-
581 2004 700 2085 origine
731 2005 851 2082 tracta,
876 2003 917 2068 ad
940 2021 1037 2084 quam
1059 2005 1163 2086 legem
1184 2023 1251 2068 non

44 2110 125 2188 docti,
148 2111 204 2177 sed
227 2111 313 2189 facti,
334 2129 398 2176 non
422 2111 571 2188 instituti,
595 2110 650 2175 sed
673 2111 788 2177 imbuti
811 2112 903 2175 erant
924 2109 1070 2188 Romani,
1092 2111 1155 2175 illis
1181 2111 1251 2192 qui-

42 2217 102 2282 dem
133 2219 167 2282 in
199 2217 447 2301 interpretandis
481 2218 520 2282 iis
551 2235 633 2300 quae
664 2218 844 2282 sentiebant
879 2217 1125 2298 cogitabantque
1159 2219 1252 2282 recta
1327 2219 1357 2290 ’,

41 2325 112 2389 ultro
134 2326 327 2408 imperabat,
358 2325 414 2390 sed
435 2344 499 2389 non
520 2324 709 2407 prohibebat
732 2322 904 2389 conuarios
934 2323 967 2387 in
989 2323 1254 2406 interpretatione

40 2433 220 2497 nostratium
254 2433 420 2498 hominum
454 2451 584 2496 errores.
630 2431 781 2513 Vulgaris
816 2430 878 2494 fuit
912 2432 945 2494 et
973 2429 1136 2513 popularis
1169 2449 1251 2509 mos,

41 2555 124 2618 quem
146 2541 362 2604 Romanorum
385 2541 497 2622 poetae
513 2539 624 2603 comici
647 2538 783 2602 maxime
806 2537 852 2600 ita
876 2538 1002 2601 secutos
1026 2555 1095 2601 esse
1120 2555 1254 2602 consen-

41 2647 159 2710 taneum
182 2648 247 2724 est,
281 2648 319 2710 ut
346 2646 451 2710 multa
474 2645 659 2710 adhiberent
682 2644 850 2721 vocabula,
885 2660 966 2724 quae
989 2645 1101 2725 postea
1124 2662 1141 2708 e
1164 2663 1251 2709 eom-

41 2754 117 2816 nuni
138 2754 320 2818 litterarum
343 2771 405 2816 usu
428 2751 626 2816 recedebant.
673 2749 735 2815 Sed
750 2749 783 2813 id
799 2749 928 2831 quidem
950 2750 1002 2814 bic
1023 2768 1140 2832 ponere
1154 2751 1255 2816 liceat

41 2861 198 2938 praefixam
221 2859 311 2923 illam
333 2859 526 2942 particulam
548 2876 633 2923 com·
654 2856 752 2941 (con)
776 2875 834 2921 neo
855 2875 912 2939 per
936 2857 1089 2938 originem
1110 2875 1170 2921 nec
1192 2877 1253 2940 per·

40 2967 163 3031 notionis
198 2966 425 3049 proprietatem
460 2965 586 3029 omnino
618 2964 792 3046 quidquam
824 2981 990 3027 commune
1024 2962 1140 3027 habere
1175 2983 1249 3028 cum

40 3074 256 3156 praepositione
283 3060 404 3168 (cum‘‚
439 3090 521 3154 quac
550 3072 646 3154 vulgo
674 3071 784 3136 eadem
808 3088 876 3134 esse
899 3087 958 3134 ror
982 3071 1079 3151 atque
1102 3070 1159 3133 illa
1181 3089 1252 3135 cre·

42 3177 122 3243 ditur.
152 3181 419 3244 Luculentissime
440 3179 539 3260 igitur
562 3197 600 3244 ea
625 3165 806 3275 ‘surgendi'
836 3179 869 3241 et
898 3164 1138 3273 ‘consurgendi’
1161 3177 1252 3242 diffe-

42 3287 132 3351 rentia
155 3288 273 3352 eminet
295 3287 328 3352 in
350 3286 498 3351 Aeneidis
521 3286 588 3350 loco
612 3285 694 3349 VHI
717 3291 779 3350 109
789 3303 835 3366 sq.
861 3285 926 3349 iam
950 3285 989 3348 ab
1015 3282 1249 3367 {interpretibus

44 3392 135 3458 allato.
179 3393 356 3458 Intervenit
378 3393 422 3457 ibi
445 3412 519 3457 curn
542 3392 608 3456 suis
632 3395 756 3456 Aeneas
780 3390 894 3469 sacris,
918 3409 999 3473 quae
1021 3391 1171 3456 Euander
1193 3410 1249 3456 rer

44 3515 105 3563 curn
117 3500 263 3564 Pallante
287 3500 352 3563 filio
374 3500 526 3564 iuvenum
540 3499 731 3582 primoribus
747 3499 924 3579 senatuque
940 3497 1072 3563 Herculi
1094 3496 1251 3574 faciebam

118 3614 178 3673 109
207 3606 381 3670 Torrentur
403 3605 476 3669 cisa
498 3605 610 3683 sabito,
632 3600 799 3686 condique
821 3602 942 3668 relictis

207 3711 409 3795 Consurquat
430 3712 556 3776 menses
601 3711 725 3775 Audax
747 3730 825 3792 quos
846 3729 994 3790 rumpere
1015 3708 1130 3774 Pallas

203 3817 307 3885 Socra
329 3823 421 3898 cetat,
445 3823 596 3902 raptoque
617 3816 702 3882 colat
724 3817 783 3882 telo
804 3817 913 3882 obvius
934 3817 1011 3896 ipse.

45 3922 225 4010 Relinquunt
246 3927 343 4009 igitur
358 3945 486 3991 mensas
510 3928 543 3990 et
565 3927 761 4007 consurgunt
784 3927 858 3989 ante
873 3925 995 3989 iustum
1010 3925 1146 4006 tempus,
1169 3923 1247 3988 dum

47 4038 183 4117 rumpunt
212 4053 317 4110 sacra,
352 4034 502 4116 quoniam
531 4069 572 4079 -
595 4034 633 4096 ut
656 4033 741 4097 recte
764 4032 889 4096 monuit
911 4031 1075 4095 Baehrens
1098 4065 1140 4076 —
1168 4030 1252 4126 ‘lin-

48 4155 125 4218 quere
146 4129 306 4207 mensam‘
338 4141 463 4225 proprie
491 4139 607 4204 dicitur
631 4139 669 4204 de
693 4140 754 4217 eis,
782 4139 837 4220 qui
859 4157 937 4203 cena
965 4139 1095 4221 peracta
1117 4155 1247 4201 consur-

48 4250 117 4324 gunt.
159 4249 230 4313 Iam
259 4267 332 4313 vero
361 4249 451 4331 patet
480 4247 565 4330 apud
594 4245 758 4312 Catullum
786 4245 866 4309 illud
897 4244 1086 4310 vocabulum
1113 4262 1249 4310 censer·
