2928 4724
665 175 683 232 9

64 365 158 428 litam
192 361 296 447 (Neue
326 359 441 426 Jahrb.
473 368 568 428 1880.
604 370 666 426 161
702 381 732 444 p.
754 359 847 444 490),
891 360 974 442 6666
1010 360 1095 444 apud
1122 359 1288 426 Catullum

64 489 99 534 ea
124 486 276 534 memma
302 467 446 533 inaudite
474 468 532 542 sit;
567 485 642 532 nam
664 465 867 548 potrhcocio
888 467 922 529 in
946 485 971 530 o.
993 467 1101 530 XXIX
1131 475 1171 532 22
1207 467 1288 531 iam·

63 577 177 642 bcmm
198 575 322 639 ratione
346 573 498 639 excusari.
543 575 604 638 Est
626 592 700 639 vero
724 591 761 638 ea
790 592 855 637 666
876 573 956 654 legis
981 573 1113 639 alicuius
1135 574 1290 639 metricae

63 683 211 760 inventio,
235 681 292 746 sed
316 699 354 744 ex
375 681 439 745 illis
463 681 607 762 argutiis,
637 680 753 762 quibus
777 698 888 744 earum
917 679 1098 745 inventores
1122 680 1162 746 ad
1186 680 1292 746 direr-

67 789 225 853 sissimam
249 787 437 852 deferuntur
465 787 613 865 16616616,
637 805 734 868 quam
757 804 827 851 esse
857 786 1003 864 credunt,
1027 787 1172 870 speciem,
1204 787 1288 868 quod

66 895 207 959 videmus
236 893 389 959 accidisse
416 894 450 956 in
482 911 631 958 caesurae
660 892 733 958 sede
757 893 937 974 quaerenda
963 912 1074 958 versus
1098 892 1246 977 Sapphiei
1269 913 1292 958 a

66 1001 189 1067 Catullo
225 1000 360 1065 adhibiti
396 999 434 1064 ef.
462 999 498 1064 L.
525 999 654 1064 Milleri
686 998 785 1081 praef.
814 1018 844 1082 p.
873 999 1012 1064 LXXIII
1041 1001 1074 1064 et
1102 1000 1294 1065 Baehrensii

64 1109 180 1191 proleg.
204 1127 235 1191 p.
259 1115 311 1173 66.
355 1107 537 1172 16666666
561 1108 610 1171 666
641 1125 714 1170 cum
741 1106 792 1170 1116
825 1106 959 1188 argutiis
983 1106 1124 1172 conferre
1148 1106 1185 1172 G.
1207 1107 1292 1172 Her-

65 1216 172 1280 manni
196 1215 371 1279 sanitatem
394 1212 495 1286 6661.
518 1212 612 1276 661.
634 1232 665 1296 p.
682 1219 755 1289 680,
780 1212 834 1294 661
857 1213 986 1294 quidem
1009 1212 1136 1279 Catullo
1161 1232 1232 1278 eam
1255 1214 1292 1278 in

65 1341 173 1386 versus
199 1321 349 1404 Sapphici
371 1319 512 1384 numeris
536 1319 703 1384 reddendis
726 1319 909 1385 libertatem
932 1319 1071 1401 reliquit,
1096 1339 1191 1402 quam
1215 1339 1293 1385 6661,

66 1429 90 1492 is
104 1429 229 1511 primus
247 1427 438 1510 Sapphioem
455 1427 621 1509 stropham
636 1426 721 1490 iuter
736 1426 898 1490 Romanos
921 1426 1075 1491 imitando
1100 1427 1294 1510 exprimeret

67 1536 121 1600 sibi
152 1534 330 1618 sumpsisse
362 1533 525 1616 putandus
548 1534 606 1598 est.
638 1531 701 1596 Sed
724 1533 822 1610 enim,
852 1534 890 1597 ut
913 1533 954 1597 66
973 1533 1082 1613 petris
1104 1548 1292 1598 mensuram

67 1642 201 1719 redeam,
223 1642 290 1704 iam
312 1639 394 1704 Rud.
418 1639 533 1722 'Sydcw
555 1639 589 1702 in
612 1638 736 1703 dissert.
755 1638 861 1720 inaug.
885 1639 924 1704 de
946 1639 1146 1704 recensendis
1170 1639 1290 1705 Catulli

65 1748 258 1812 carminibus
291 1746 433 1812 Berelini
468 1753 551 1812 1881
584 1745 631 1810 ed.
665 1765 695 1829 p.
727 1747 800 1812 35*
840 1744 933 1810 affert
962 1746 1150 1811 ehuoretio
1181 1751 1295 1828 potres

64 1855 238 1932 1171226,
270 1872 307 1918 ex
335 1854 403 1937 ipsc
428 1852 553 1918 Catullo
583 1865 732 1932 obpressa
758 1859 809 1930 64,
832 1860 905 1919 291.
929 1851 1045 1932 666666
1076 1861 1127 1932 68,
1151 1860 1202 1918 61.
1228 1853 1292 1932 flo-

64 1962 196 2042 proatc'o
225 1968 283 2038 64,
307 1968 358 2027 01.
391 1958 552 2042 66666666
582 1968 638 2036 67,
668 1965 719 2024 25.
753 1958 899 2042 flopraas
930 1967 987 2037 68,
1012 1969 1063 2026 73.
1101 1959 1293 2043 stuprantem

70 2075 221 2146 68,139.
259 2071 374 2131 metrae
398 2074 456 2144 64,
485 2073 536 2132 08.
574 2065 687 2130 scabra
711 2074 765 2144 68,
792 2074 864 2132 151.
901 2080 1045 2146 supremo
1070 2075 1124 2146 64,
1149 2075 1222 2133 151.
1246 2103 1287 2114 ··-

67 2175 151 2240 6666
178 2173 342 2250 Ovidium,
378 2173 433 2255 qui
464 2174 525 2238 etsi
553 2173 655 2236 multo
686 2173 812 2256 saepius
842 2192 913 2238 eam
943 2174 1100 2256 syllabam
1130 2175 1294 2258 corripuit,

67 2283 173 2346 tamen
206 2279 355 2364 produxit
392 2297 518 2362 666666
545 2283 641 2360 patre
670 2281 746 2344 met.
775 2279 857 2344 VIH
888 2289 945 2357 72,
976 2284 1087 2361 patres
1116 2280 1181 2345 VH
1215 2290 1292 2360 431,

64 2388 173 2470 petria
202 2387 255 2451 ΙΠ
277 2393 360 2462 683;
390 2387 429 2451 66
454 2405 516 2468 666
539 2404 689 2451 mensura
713 2385 839 2451 Catulle
867 2387 1066 2452 concedenda
1093 2387 1295 2454 666116611-

67 2513 182 2560 66666
210 2513 270 2558 666
299 2494 343 2557 M.
366 2493 478 2576 Haupt
504 2511 563 2558 nee
592 2493 630 2556 B.
661 2491 822 2570 Schmidt,
860 2494 938 2558 artis
968 2495 1120 2560 metricae
1152 2497 1294 2579 locuple-

69 2602 181 2666 tissimi
205 2602 361 2678 66666166,
385 2599 622 2665 dubitaverunt.

151 2709 222 2772 Nec
243 2726 375 2791 possum
397 2707 457 2771 hoo
479 2707 546 2771 loco
561 2706 714 2771 Friderioi
731 2705 863 2772 Schbllii
884 2708 1038 2774 iudicium
1061 2709 1203 2785 reticere,
1227 2726 1293 2790 666

68 2815 149 2880 hune
172 2833 304 2880 versum
325 2833 389 2878 non
412 2814 519 2877 minus
544 2801 776 2909 ‘innocentem'
804 2833 901 2896 quam
924 2817 974 2879 est
997 2834 1107 2880 versus
1133 2823 1174 2880 14
1202 2815 1294 2880 6661·

68 2924 154 2987 navit
178 2922 216 2987 ci.
240 2923 260 2986 l.
284 2939 310 2985 6.
332 2940 362 3004 p.
386 2927 506 3001 490sq.
551 2920 584 2984 Is
607 2920 656 2984 vir
680 2920 793 2984 doctus
816 2922 854 2984 ut
877 2923 927 2986 666
949 2893 1292 3005 6616616611616661-

70 3028 138 3093 dem
169 3028 295 3094 monuit
324 3026 421 3091 matri
450 3045 535 3091 6666
559 3045 578 3090 6
601 3027 805 3091 cantantibus
839 3027 964 3124 tdatam
987 3016 1075 3093 esse'
1104 3047 1168 3094 non
1196 3047 1294 3112 posse

70 3137 196 3200 tertiam
219 3133 411 3216 virginitatis
434 3135 576 3216 partem,
605 3151 703 3214 quam
734 3134 794 3198 sibi
817 3133 958 3199 debitam
980 3135 1037 3199 illa
1059 3135 1126 3200 iam
1148 3137 1294 3201 haberet.

71 3241 189 3307 Contra
216 3243 365 3324 parentes
396 3259 490 3304 suem
517 3242 642 3324 partem
668 3258 795 3335 (genere
820 3229 959 3306 dedisse'
992 3245 1078 3307 reete
1108 3243 1177 3308 dici.
1229 3242 1293 3308 Sed

72 3350 151 3430 6666
174 3368 232 3432 per
247 3367 281 3412 se
298 3347 427 3429 quidem
449 3365 560 3430 reapse
584 3366 696 3412 verum
719 3349 776 3426 est,
799 3348 833 3423 id
855 3349 896 3412 ad
911 3349 997 3414 hunc
1011 3351 1116 3414 lecum
1138 3369 1201 3414 666
1220 3369 1295 3433 per-

70 3455 157 3519 tinet.
202 3455 391 3537 Neglegitur
415 3455 500 3519 enim
527 3455 560 3518 in
588 3455 649 3519 hac
670 3455 931 3538 interpretatione
956 3458 1109 3522 sermonis
1134 3457 1292 3539 quaedam

71 3549 258 3645 proprietas,
288 3579 369 3644 quae
392 3561 553 3626 levissima
576 3561 718 3639 ridetur,
748 3562 805 3626 sed
828 3580 909 3644 quae
939 3581 998 3628 nec
1022 3564 1147 3629 omnino
1170 3565 1294 3628 nullius

73 3671 118 3733 est
139 3669 286 3753 ponderis
308 3687 368 3733 nec
391 3668 476 3751 apud
500 3667 673 3745 Catullum,
698 3669 753 3750 661
776 3688 849 3734 cum
873 3671 995 3735 sincera
1019 3671 1171 3736 sermonis
1188 3671 1296 3753 gratia

72 3794 219 3858 magnam
233 3776 267 3840 in
282 3776 452 3840 verbcmm
468 3775 672 3840 collocatione
696 3776 872 3842 sollertiam
896 3778 1058 3842 coniunxit
1079 3778 1159 3841 nihil
1174 3779 1269 3842 valet.

155 3883 260 3965 Magis
288 3883 388 3964 igitur
416 3881 562 3946 minusve
585 3881 754 3976 'diversam
783 3882 894 3947 inferri
923 3902 1015 3967 posse
1038 3885 1199 3949 notionem
1222 3901 1296 3947 ver-

74 3989 180 4054 borum
210 3989 333 4067 ordine,
369 3989 396 4052 si
431 3989 547 4053 dicitur
578 3987 657 4052 data
686 3991 731 4052 est
765 3992 822 4054 eut
852 3993 898 4054 esi
931 3989 1024 4068 dota,
1060 3993 1092 4055 et
1126 3990 1294 4054 consenta-

75 4113 165 4162 neum
194 4099 244 4162 est
273 4097 306 4161 et
337 4096 436 4160 altero
461 4094 642 4161 Catulliana
672 4097 814 4179 exemplo
845 4099 1077 4181 comprobatur.
1121 4097 1206 4161 Nam
1228 4096 1293 4180 pri·

75 4219 158 4268 mum
191 4203 386 4287 periphrasis
416 4204 552 4268 verbalis
584 4203 695 4300 t<latus
731 4222 819 4282 6661,
855 4191 905 4269 es'
931 4207 1003 4283 etc„
1043 4223 1100 4287 per
1131 4222 1229 4284 quam
1258 4203 1295 4268 in
