2928 4724
709 132 870 222 —dri—

173 323 328 407 oppositis
363 322 405 405 (v.
433 329 475 386 43
506 320 591 384 idern
620 339 707 396 cum,
741 340 770 383 v.
795 327 837 384 54
872 321 907 382 ot
929 318 972 402 si)
1007 321 1041 383 et
1074 320 1153 384 bene
1188 319 1400 384 conformatus
1454 387 1455 398 ,

174 430 328 495 orationis
351 429 513 504 circuitus,
535 428 569 490 in
586 445 647 508 quo
670 425 886 490 nominativus
904 425 1033 507 quidem
1056 426 1090 488 in
1111 426 1237 507 integro
1261 445 1299 490 ac
1312 427 1400 508 pleno
1454 419 1455 500 J

174 535 342 600 enuntiato
378 554 434 599 suo
463 535 557 598 verbo
586 533 785 614 adiungitur,
821 532 978 596 sedtum
1003 533 1175 597 accusativi
1201 529 1401 614 ἄπωνυμιῶν

173 641 270 706 illam
288 641 329 728 (v.
345 640 401 723 42)
426 643 459 704 et
480 639 565 704 boae
588 639 629 722 (v.
646 637 701 720 53)
726 640 799 722 apte
823 639 870 702 ita
893 639 1088 714 inseruntur,
1111 642 1149 703 ut
1170 639 1402 702 nominativum
1454 635 1455 641 ’

177 751 211 814 in
233 748 323 813 initio
345 748 487 831 positum
510 746 613 810 denuo
638 745 797 828 excipiant
819 747 852 808 et
875 744 920 808 ita
942 745 1038 810 verbo
1060 745 1095 808 in
1116 745 1179 810 fine
1202 746 1306 828 posito
1330 764 1403 826 quo·
1454 745 1455 748 ’

175 855 346 920 dammodo
370 854 548 918 subiectum
572 851 820 916 accommodent.

267 961 319 1024 Ita
345 979 403 1043 per
430 961 515 1023 hanc
539 958 717 1041 simplicem
741 957 941 1038 eandemque
965 957 1168 1022 artificiosam
1191 959 1404 1023 membrorum
1451 1009 1455 1014 „

175 1067 505 1150 circumscriptionem
529 1066 674 1130 notiones
697 1065 867 1147 primariae
890 1064 923 1127 iu
948 1066 1217 1146 comparationem
1247 1065 1403 1129 adhibitae

179 1193 274 1240 suam
289 1175 472 1238 libertatem
488 1172 629 1238 retinent
645 1174 811 1254 separatae
825 1173 858 1236 et
869 1170 1047 1254 prohibitae
1063 1172 1103 1236 ab
1114 1172 1306 1236 incurrentis
1322 1171 1405 1238 verbi

178 1282 210 1346 vi
234 1283 267 1346 et
289 1280 491 1344 necessitate.

267 1387 391 1451 Verum
413 1387 447 1449 in
461 1386 512 1449 his
529 1385 705 1450 enuntiatis
730 1403 768 1448 ea
784 1385 833 1448 est
849 1383 1048 1448 concinnitas
1073 1386 1105 1448 et
1128 1385 1232 1465 gratia
1248 1385 1404 1460 orationis,
1451 1441 1452 1444 ,

177 1497 219 1558 ut
249 1493 341 1558 facile
370 1493 536 1558 credamus
567 1510 638 1556 eam
667 1510 731 1554 non
761 1491 892 1573 abipso
917 1489 1061 1567 Catulle,
1089 1490 1145 1555 sed
1169 1509 1188 1554 a
1211 1489 1339 1574 Sappho
1361 1492 1405 1553 in·

180 1603 311 1666 ventam
335 1619 412 1664 esse.
458 1597 542 1676 Quid
566 1597 651 1679 quod
674 1599 840 1680 praeterea
862 1615 971 1660 rerum
994 1597 1069 1661 ordo
1093 1597 1133 1660 ad
1157 1597 1291 1661 chiasmi
1313 1599 1405 1662 ratio·
1454 1669 1455 1678 ,

180 1726 257 1771 nem
281 1706 449 1770 artificiose
479 1705 526 1769 ita
545 1704 715 1768 inst‘tutus
740 1705 804 1779 est,
835 1705 873 1766 ut
895 1702 982 1768 floris
1003 1703 1117 1767 intacti
1139 1704 1404 1785 pulchritudinem

178 1815 370 1895 sequeretur
399 1811 542 1876 eiusdem
570 1811 651 1874 laesi
681 1809 881 1888 deformitas,
916 1810 1064 1875 hisvero
1089 1810 1129 1874 ab
1153 1809 1404 1876 adulescentibus

178 1921 393 2003 opponeretur
422 1919 547 1982 inverso
579 1916 687 1980 ordine
711 1917 785 1981 vitis
808 1916 922 1982 viduae
945 1917 1119 1994 inutilitas,
1146 1917 1218 1980 tum
1240 1918 1404 1981 maritatae
1454 1991 1455 1994 Ἴ

178 2027 311 2090 cultus?

269 2237 308 2301 In
342 2237 392 2300 his
423 2254 504 2317 quae
540 2235 645 2300 modo
668 2235 732 2298 dixi
759 2235 825 2299 iam
853 2235 966 2300 leviter
996 2235 1171 2317 significavi
1201 2255 1274 2300 eam
1303 2255 1404 2302 emen·

180 2344 344 2410 dationem
367 2361 479 2408 versus
503 2351 545 2407 43

410 2447 502 2512 Idem
525 2467 596 2511 euro
619 2447 708 2510 terrui
731 2450 863 2528 carptas
885 2445 1035 2527 defloruit
1056 2447 1169 2529 aupaci,

182 2575 282 2639 quam
311 2556 448 2620 maxime
478 2555 692 2620 necessariam
721 2573 790 2619 esse
821 2557 854 2618 et
876 2556 1044 2619 verborum
1066 2555 1260 2637 proprietate
1285 2559 1406 2620 senten·

182 2664 311 2744 tiaeque
336 2662 481 2726 acumine
505 2661 676 2742 efflagitari
699 2680 861 2743 exponam.

272 2771 379 2851 Atque
408 2769 469 2832 hoc
497 2769 566 2832 loco
590 2768 693 2832 denuo
717 2767 915 2832 Pleituerum
937 2768 1100 2832 nominare
1125 2768 1237 2846 debeo,
1263 2770 1319 2851 qui
1341 2771 1361 2833 l.
1384 2789 1406 2833 c.

182 2897 213 2960 p.
238 2884 367 2942 76-79
391 2876 487 2957 longa
511 2874 639 2956 quidem
664 2877 697 2938 et
718 2875 906 2938 inconcinna
929 2875 1087 2952 oratione,
1116 2875 1171 2939 sed
1194 2877 1306 2940 tamen
1328 2895 1406 2939 unus

182 3002 221 3048 er
244 2983 470 3064 interpretibus
495 2982 597 3045 iustas
620 2982 728 3044 movet
752 2981 967 3045 dubitationes
991 2981 1029 3044 de
1052 3000 1128 3045 voce
1150 2986 1298 3062 carptas,
1331 3002 1406 3065 quas

183 3090 342 3171 siqnidem
376 3090 440 3153 huc
473 3107 575 3170 usque
612 3106 735 3165 omnes,
770 3106 849 3169 quos
879 3089 1179 3152 commentationem
1209 3089 1299 3153 illam
1324 3090 1408 3154 adhi-

183 3195 291 3259 buisse
316 3197 348 3259 et
370 3195 486 3275 legisse
511 3194 760 3277 exspectandum
783 3196 861 3272 erat,
884 3196 1101 3275 neglexerunt,
1124 3194 1157 3258 id
1181 3213 1256 3260 sane
1279 3216 1344 3261 non
1365 3197 1408 3259 ita

184 3301 303 3364 mirum
332 3301 458 3364 videtur
490 3302 522 3364 in
553 3301 613 3364 hoe
642 3301 807 3378 vocabulo,
839 3301 922 3383 quod
946 3300 984 3364 de
1008 3300 1083 3364 flore
1107 3300 1228 3366 dictum
1251 3305 1321 3366 tam
1344 3304 1408 3368 vul-

184 3426 294 3489 garem
323 3425 419 3470 usum
449 3408 481 3470 et
506 3397 682 3488 simplicem
713 3426 844 3472 sensum
871 3409 988 3472 habere
1012 3407 1188 3472 videbatur.
1233 3411 1281 3473 Ac
1303 3413 1407 3474 tamen

184 3514 217 3577 id
241 3515 429 3595 corruptum
452 3531 522 3577 esse
547 3513 719 3595 apparebit.

275 3620 534 3702 interpretantur
557 3620 667 3700 vulgo,
702 3621 786 3684 siout
815 3622 1031 3686 necessarium
1055 3623 1118 3699 est,
1152 3626 1284 3702 carptus
1307 3623 1354 3687 ita
1375 3625 1407 3686 ut

185 3727 371 3808 decerptum
386 3725 497 3790 florem
512 3727 700 3807 intellegant
723 3727 922 3809 afferuntque
944 3729 1051 3792 locum
1066 3728 1313 3811 Propertianum
1329 3731 1408 3794 huno

185 3833 278 3911 120,
303 3841 343 3898 39
369 3833 407 3897 de
431 3832 517 3914 Hyla

445 3938 613 4018 decerpens
635 3943 739 4004 tenero
757 3939 932 4019 pueriliter
954 3942 1057 4021 capot

365 4045 641 4124 ...florem...,

186 4170 252 4233 qua
281 4151 315 4214 in
344 4153 502 4216 locutione
525 4156 611 4217 certe
633 4153 714 4217 illud
743 4154 883 4236 primum
905 4155 1134 4237 persentiscere
1158 4154 1290 4233 debent,
1326 4156 1412 4220 tenui
