2928 4724
639 160 679 218 23

581 243 741 255 ..μ-...-

58 350 103 413 nis
123 348 326 432 popularibus
350 350 537 426 tractantur,
561 349 645 431 quod
659 350 795 413 maxime
815 349 848 412 iu
864 348 1055 413 carminibus
1071 349 1268 431 nuptialibus

60 455 228 537 antiquitus
252 455 369 537 ubique
393 456 520 520 usitatis
543 456 612 521 fieri
634 456 776 522 debebat.
824 455 886 520 Sed
909 475 979 521 eam
1001 456 1106 539 ipsam
1129 458 1167 521 ab
1191 475 1267 521 eau-

60 581 122 626 sam
136 562 203 626 fieri
218 563 345 627 omnino
361 564 494 645 poterat,
517 563 647 628 attalia
663 563 837 627 eeraamina
853 563 917 627 sire
933 563 1177 627 instituerentur
1199 563 1265 628 aive

60 689 127 734 oum
154 669 287 734 veritate
319 688 337 732 a
366 669 467 752 poetis
496 669 645 733 inst'tuta
673 669 876 751 fingerentur.
905 703 948 714 -
976 669 1050 733 Mox
1071 668 1268 733 meditantur

59 777 79 839 i.
105 795 128 840 e.
157 794 282 872 tomues
313 776 408 840 simul
436 777 501 840 iam
524 776 696 854 deliberare
726 778 857 841 santum
886 777 999 858 aptum
1100 765 1264 841 dieuntur’

60 884 119 947 sire
141 901 269 966 parare3
300 883 365 947 iam
393 882 507 946 babeat
529 883 548 946 i.
572 902 597 947 a.
624 869 816 978 ‘repperere'
843 882 907 946 sire
931 884 1043 946 teuent
1064 881 1269 947 memorabile

59 989 136 1070 qaod
155 989 199 1052 sii
226 989 248 1052 i.
278 1007 303 1052 e.
332 989 460 1070 gravius
485 989 605 1070 aliquid
636 990 668 1052 et
702 991 881 1052 memoratu
910 987 1049 1070 dignum.
1100 989 1271 1054 Ediseendi

59 1098 161 1160 autem
188 1096 253 1161 aive
282 1095 452 1160 memoriae
481 1095 653 1160 mandandi
675 1095 756 1172 vim,
780 1095 818 1160 de
843 1113 906 1177 qua
928 1096 1021 1160 Riese
1045 1096 1178 1178 eogitat,
1208 1115 1272 1160 non

59 1203 149 1267 habet
169 1202 202 1266 id
225 1203 423 1267 voeabulum.

142 1308 266 1373 Versus
291 1315 332 1374 14
354 1310 388 1375 in
416 1310 495 1374 libro
523 1310 548 1372 Τ
578 1311 739 1387 servatus,
770 1310 824 1391 qui
851 1309 1029 1374 vindieatus
1060 1309 1221 1390 quondam
1252 1327 1271 1373 a

57 1417 102 1480 Μ.
126 1416 265 1498 Hauptio
302 1417 335 1479 in
369 1435 420 1498 qu.
451 1415 520 1481 Cat.
557 1436 587 1499 p.
627 1424 666 1482 35
676 1435 723 1498 sq.
759 1416 815 1500 (=
845 1435 893 1499 op.
921 1417 939 1480 I
973 1436 1002 1500 p.
1033 1415 1088 1499 26)
1117 1435 1202 1480 nuno
1232 1417 1271 1481 ab

58 1523 198 1587 omnibus
221 1523 256 1586 in
278 1524 402 1587 textum
424 1524 571 1606 reeeptus
595 1524 653 1600 est,
677 1523 722 1588 aio
744 1523 878 1605 legitur:

234 1626 301 1692 Neo
323 1629 443 1692 miram
461 1628 591 1708 penitus
615 1649 696 1710 qaae
719 1633 784 1694 tota
805 1633 907 1694 meato
930 1628 1084 1693 laboraret.

58 1736 139 1800 Nam
161 1736 246 1817 quod
269 1736 376 1801 Naeke
400 1737 516 1819 aliique
531 1738 628 1802 buno
650 1756 779 1803 uersum
807 1755 863 1820 pro
894 1737 1000 1820 spurio
1030 1737 1271 1813 damnaverunt,

60 1843 171 1924 quibus
195 1861 344 1907 assensus
368 1845 417 1908 est
441 1842 476 1908 0.
499 1844 621 1907 Franks
644 1845 665 1907 l.
689 1862 714 1907 a.
744 1863 773 1926 p.
803 1851 859 1920 44,
889 1843 922 1907 id
953 1844 1012 1908 alia
1040 1844 1129 1908 nullo
1161 1842 1266 1907 studio

57 1950 118 2014 nisi
139 1949 347 2033 responsionis
370 1949 584 2014 restituendae
607 1948 729 2015 fautum
752 1951 815 2027 est,
839 1949 876 2013 nt
906 1950 1084 2014 octonarius
1115 1968 1266 2013 versuum

58 2064 184 2123 59-66
207 2075 360 2121 numerus
385 2093 427 2102 -
449 2075 525 2121 nam
547 2057 632 2121 hune
653 2057 759 2121 laeum
782 2057 815 2120 in
837 2057 925 2121 libris
948 2057 1111 2138 integrum
1125 2055 1270 2139 praeberi

57 2165 189 2246 uterque
212 2165 307 2247 putat
330 2200 371 2210 -
402 2162 606 2246 responderet
636 2163 778 2228 versibus
808 2173 951 2241 11-19,
985 2163 1045 2227 boe
1075 2181 1138 2226 uno
1168 2161 1272 2226 deleto

57 2270 363 2354 mtapwm.
1251 2271 1253 2274 ’

142 2377 277 2442 Iuvenes
300 2377 398 2459 igitur
420 2377 546 2460 penitus
570 2378 638 2441 tota
661 2379 768 2441 mente
790 2376 946 2441 laborant.
993 2375 1055 2441 Sed
1077 2375 1157 2440 illud
1181 2395 1272 2456 quae,

58 2485 131 2565 quia
152 2485 278 2567 puellae
303 2483 505 2565 subintellegi
527 2484 592 2548 iam
614 2503 677 2548 non
700 2485 842 2566 possunt,
865 2502 968 2565 neque
1000 2503 1073 2548 eum
1101 2482 1271 2547 indicativo

57 2609 157 2672 neque
180 2610 255 2655 oum
277 2590 474 2655 eoniunotivo
496 2591 642 2655 iunetum
665 2591 794 2655 tolerari
815 2592 938 2673 potest3
960 2589 1041 2654 nihil
1073 2590 1158 2654 enim
1186 2589 1273 2653 valet

58 2716 158 2778 neque
181 2698 328 2778 congruit
350 2716 423 2761 eum
445 2698 599 2780 singulari
620 2716 752 2762 numero
775 2697 859 2779 quod
887 2698 919 2761 in
935 2716 1030 2762 versu
1045 2697 1156 2780 priore.
1189 2696 1274 2777 Ergo

58 2803 88 2867 id
109 2804 300 2868 vocabulum
323 2804 539 2869 emendatione
564 2807 645 2887 eget.

143 2911 257 2976 Tribus
280 2913 445 2994 praeterea
467 2912 543 2976 loeis
571 2912 621 2976 his
651 2912 736 2995 apud
759 2911 923 2977 Catullum
952 2929 1025 3007 tnea
1053 2909 1182 2993 (neque)
1212 2909 1273 2972 mi-

59 3004 140 3080 rum'
167 3019 255 3082 extat
277 3018 393 3099 ubique
417 3019 528 3083 eadem
542 3019 669 3084 notione
691 3019 894 3084 collocatione
909 3018 1058 3082 iunctura
1072 3018 1277 3099 usurpatum,

60 3122 89 3185 in
111 3143 136 3188 e.
158 3123 271 3188 xxm
294 3131 390 3206 5sqq.
414 3125 455 3188 ad
477 3126 611 3189 Furium
633 3125 777 3190 dereeto:

233 3229 295 3294 Est
313 3229 425 3311 pulcre
448 3232 507 3296 tibi
529 3251 600 3296 eam
623 3237 676 3298 iao
696 3237 828 3312 parma

232 3335 279 3400 Ee
300 3358 372 3402 amm
394 3339 525 3421 eoaiape
548 3337 655 3422 lipaeo
671 3341 840 3421 pareatis:

232 3442 300 3508 Neo
321 3444 458 3508 miram:
480 3445 555 3510 bema
577 3466 654 3510 aum
676 3444 791 3510 valetis
813 3465 926 3523 omues,

232 3549 350 3616 Palaia
372 3553 571 3634 conceperitis,
593 3552 680 3617 mihil
701 3553 818 3616 timetis

63 3654 138 3721 ine.
160 3658 272 3735 LXIX„
297 3669 372 3741 usq.
396 3659 434 3724 de
459 3679 552 3743 capro
576 3661 641 3725 sire
663 3661 768 3724 hirae:

124 3763 222 3828 Hmao
243 3769 386 3830 mammet
408 3785 530 3830 ommes:
551 3786 652 3848 oeque
674 3767 810 3830 miram:
832 3785 910 3829 mom
932 3763 1016 3828 male
1038 3761 1131 3828 ualde
1155 3767 1200 3827 esi

167 3869 293 3949 Bestia,
315 3892 371 3937 aee
394 3873 522 3955 quicum
545 3872 759 3954 serapoeum
781 3872 876 3936 cobet.

66 3971 95 4036 in
114 3995 138 4041 e.
160 3977 253 4043 LVII
277 3988 371 4062 lsqq.

234 4083 352 4150 Pulcra
374 4086 515 4150 ooaoemit
536 4085 688 4166 improbis
709 4085 860 4163 cinaedis,

235 4190 430 4258 Moonarrae
446 4192 639 4274 pathicoque
665 4189 877 4274 Caesarique:
