2934 4742
806 162 845 219 96

733 245 894 254 ..a—w

217 371 252 414 aa
289 352 493 434 Hesperus'e
517 351 606 414 nobis
631 349 795 432 aequalem
818 348 848 412 si
871 349 1005 413 abstulit
1027 367 1136 413 unam.

217 977 252 1020 aa
295 956 442 1036 Namque
466 957 521 1017 tuo
546 952 685 1016 adventu
709 953 820 1034 vigilat
843 952 989 1015 eustodia
1013 971 1145 1034 semper.

291 1063 391 1126 Necte
414 1060 518 1124 latent
540 1058 635 1135 fures,
660 1077 738 1140 ques
761 1057 847 1122 idem
871 1077 963 1140 saepe
989 1060 1161 1138 revertens,

218 1191 252 1232 es
290 1169 442 1251 Hesperu,
465 1167 590 1229 mutato
614 1164 814 1247 comprendis
837 1165 964 1228 nomine
988 1165 1081 1230 Heus.

290 1277 333 1339 At
355 1274 445 1338 lubet
467 1271 610 1354 innuptis
633 1271 706 1336 fiete
730 1274 762 1334 te
786 1289 914 1354 carpere
939 1274 1064 1352 questu.

292 1381 376 1460 Quid
399 1383 485 1464 tum2
504 1379 530 1442 si
554 1380 690 1461 carpunt
713 1378 813 1442 taeita
836 1396 932 1459 quem
955 1380 1062 1442 mente
1085 1378 1274 1461 requirunt?

334 1488 462 1570 Hymen
485 1507 503 1551 ο
526 1486 719 1569 Hymenaee,
742 1485 870 1568 Hymen
894 1485 969 1549 ades
993 1503 1011 1549 e
1034 1485 1227 1568 Hymenaee.

290 1665 417 1730 Utiles
440 1664 474 1727 in
498 1663 616 1745 saeptis
641 1665 781 1727 secretus
804 1663 948 1726 naseitur
970 1663 1081 1740 hortis,

217 1791 252 1834 ιο
290 1773 424 1854 Ignotus
446 1771 559 1854 peeori,
582 1771 670 1833 nullo
695 1770 860 1833 convulsus
885 1770 1000 1847 aratro,

291 1877 394 1956 Quem
418 1879 560 1942 mulcent
584 1895 688 1953 aurae,
711 1876 818 1939 firmat
842 1876 897 1952 sol
922 1876 1037 1941 educat
1059 1877 1161 1941 imber

293 2091 390 2155 Multi
413 2093 506 2156 illum
528 2091 627 2174 pueri,
651 2091 772 2154 multae
796 2091 943 2172 optavere
966 2090 1108 2172 puellae:

291 2198 383 2262 Idem
406 2217 480 2262 eum
502 2197 593 2262 tenui
615 2194 756 2279 seaiptus
781 2195 928 2261 defloruit
951 2197 1059 2278 ungui,

291 2304 381 2367 Nulli
403 2304 496 2367 illum
518 2304 618 2386 pueri,
640 2303 748 2367 nullae
773 2305 920 2385 optavere
943 2304 1085 2385 puellae:

220 2431 255 2474 is
295 2409 347 2475 Sia
370 2399 467 2491 uirgo,
491 2411 568 2473 dum
591 2411 712 2474 intaeta
734 2411 852 2486 manet,
876 2410 953 2473 dum
977 2428 1051 2474 aare
1075 2409 1140 2474 suis
1165 2414 1231 2486 est3

293 2517 375 2582 (lum
399 2519 523 2582 eastum
548 2518 655 2581 amisit
677 2516 798 2599 polluto
823 2535 950 2599 corpore
974 2516 1093 2594 florem,

292 2624 359 2689 Nee
381 2624 488 2707 pueris
512 2623 651 2689 ineunda
675 2626 785 2687 manet
808 2641 867 2688 nee
890 2641 963 2687 nara
986 2623 1109 2705 puellis.

336 2730 463 2812 Hymen
487 2749 505 2794 0
528 2729 721 2812 Hymenaee,
745 2729 873 2812 Hymen
897 2728 971 2792 ades
996 2749 1013 2793 0
1037 2729 1230 2813 Hymenaee.

273 2960 308 3014 32
327 2959 357 3013 in
376 2960 452 3013 libris
471 2960 575 3013 nullum
594 2965 633 3014 est
650 2959 825 3012 interstitium
843 2965 908 3013 unte
927 2959 1000 3012 hune
1014 2975 1120 3013 uersum
1134 2965 1183 3014 unt
1193 2965 1258 3028 post
1272 2976 1331 3015 eum
1344 2972 1421 3027 usque

201 3048 240 3101 ud
258 3050 305 3114 333
326 3048 380 3102 duo
398 3063 494 3102 uersus
512 3049 649 3102 subsecuti
672 3053 737 3101 sunt
761 3063 820 3100 cnm
843 3049 1001 3116 epnymnto,
1021 3054 1223 3104 antecesserunt
1246 3054 1316 3118 tres‚·
1340 3047 1420 3104 εαάεηι

199 3137 304 3191 Iuenna
326 3138 442 3191 haustus
473 3142 514 3191 est
541 3138 646 3205 primus
677 3137 864 3204 antennopnae
893 3152 988 3190 uersus
1014 3136 1024 3206 ΙΙ
1046 3137 1180 3206 aequalem
1205 3135 1239 3205 si]
1269 3137 1368 3208 equalis
1391 3131 1419 3186 T:

201 3225 307 3294 equales
331 3225 361 3292 V,
380 3225 444 3278 inde
463 3242 489 3278 m
508 3225 599 3280 littera
617 3227 803 3293 superscripta
821 3231 847 3279 et
865 3243 877 3278 s
896 3232 1035 3294 expuncta
1050 3225 1116 3292 fecit
1133 3225 1251 3296 equalem
1268 3243 1287 3295 9
1302 3225 1421 3297 [equalem

203 3313 337 3381 CDHAl,
356 3315 464 3368 annexi
517 3315 553 3368 35
571 3313 652 3382 Eous]
670 3330 774 3384 sospem
794 3313 935 3366 Teosdem
955 3313 1128 3368 VSchrader
1146 3315 1265 3368 eonreuit
1319 3315 1354 3369 40
1371 3328 1421 3366 eun·

201 3403 291 3455 volsus
311 3402 455 3463 qulusus
475 3401 497 3455 0
521 3401 643 3470 idemque
667 3403 724 3457 ueri
748 3402 911 3456 simillimum
935 3408 975 3456 est
995 3404 1076 3470 priua
1096 3403 1185 3470 fuisse
1208 3404 1240 3456 in
1264 3401 1290 3456 θ
1314 3403 1421 3470 indeque

198 3491 299 3557 senisse
318 3493 443 3544 uentusus
460 3507 478 3560 p
494 3491 631 3557 [contusus
646 3492 727 3545 aeteri
741 3491 858 3558 aedues]
888 3497 953 3560 poet
972 3491 1006 3545 41
1026 3491 1111 3546 unius
1130 3508 1224 3547 uersus
1243 3492 1368 3546 lacunam
1384 3491 1420 3543 iu·

202 3580 304 3634 dicauit
321 3579 452 3648 Spenyel:
470 3585 595 3634 commate
614 3580 734 3634 distinxi
747 3580 819 3635 sieut
827 3580 1033 3648 respondentem
1047 3596 1152 3634 nusum
1171 3583 1208 3633 52
1245 3581 1280 3634 43
1294 3586 1321 3635 et
1334 3580 1368 3634 44
1379 3593 1421 3632 on.

200 3667 263 3723 OT
278 3667 392 3735 [Dnesd.
411 3667 498 3723 Laui.
518 3671 563 3732 33,
583 3669 644 3736 12];
664 3669 745 3723 habet
763 3668 788 3722 G
807 3668 844 3736 [et
863 3670 943 3724 ceteri
961 3669 1078 3736 codices]
1119 3669 1154 3724 43
1173 3669 1302 3738 scalptus]
1323 3671 1420 3738 carptus

200 3757 308 3811 codices
326 3762 352 3811 et
370 3756 500 3810 editiones
520 3757 548 3824 [p
567 3780 602 3800 --
620 3757 702 3811 editio
721 3775 747 3811 u.
764 3759 836 3811 1472
855 3759 948 3827 eaptus
968 3798 992 3811 ..
1011 3757 1086 3826 igni],
1105 3759 1213 3812 correxi
1258 3757 1295 3813 45
1313 3753 1419 3827 Quintil.

202 3845 267 3899 inat.
287 3851 354 3899 orat.
374 3847 401 3908 9,
420 3847 452 3908 3,
473 3849 506 3898 1⁶
530 3844 651 3900 Catullus
675 3847 703 3900 in
728 3847 896 3917 epithalamio
923 3847 997 3918 ¹dum
1021 3848 1134 3918 innupta
1156 3851 1258 3914 manet,
1283 3848 1346 3902 dum
1369 3859 1421 3900 eura

203 3935 258 3987 auis
277 3929 342 4000 est’,
361 3950 420 3986 eum
438 3934 511 4003 prius
533 3929 618 4005 ‘dum’
640 3934 771 4003 signifieat
791 3933 912 4006 (quoad,
937 3953 1047 4006 sequens
1075 3953 1171 4006 tusque
1194 3932 1247 3990 eo’.
1285 3935 1344 3990 Aut
1369 3937 1419 4003 ipse

199 4020 393 4091 Quintilianus
412 4023 513 4076 enauit
531 4023 565 4088 ef.
584 4023 622 4076 ud
641 4024 683 4090 56,
703 4041 761 4078 eum
781 4041 816 4078 eu
835 4031 948 4094 utrem
971 4041 1051 4080 uersu
1075 4025 1135 4091 (45,
1160 4025 1206 4090 56)
1225 4031 1331 4093 purtem
1355 4020 1421 4077 dimi-

202 4111 276 4164 diam
293 4110 446 4175 eoniuneit
465 4111 562 4166 autin
580 4113 728 4181 archetypa
747 4111 914 4182 Quintiliani
932 4115 1046 4168 duorum
1061 4129 1184 4168 uersuum
1198 4113 1349 4168 testimonia
1367 4125 1420 4166 eon·

199 4199 334 4253 taminatu
351 4205 417 4252 eunt
430 4198 440 4268 l
453 4202 510 4252 tum
529 4215 589 4252 esra
612 4199 664 4252 VT
702 4200 736 4254 47
756 4201 866 4254 iocunda
889 4201 916 4254 V
