2928 4724
720 133 878 223 ffl—

185 322 388 398 cuntendant‚
411 338 551 400 namque
575 320 672 384 etiam
696 322 767 383 tum
792 320 850 383 sub
875 319 936 383 diei
958 319 1055 383 finem
1078 319 1210 400 vigilare
1235 320 1414 384 custodiam

185 449 222 494 ac
244 429 387 494 nondum
419 427 644 491 obdormivisse
676 426 823 492 custodes
854 426 982 498 dicunt;
1012 427 1118 508 potius
1149 429 1305 490 nocturno
1336 431 1413 490 tem-

185 556 260 620 pore
295 572 339 581 —
372 537 460 597 nocte
498 553 587 628 tcum
621 534 654 597 vi
687 534 792 597 multa
826 521 1047 615 oppositionis'
1086 533 1221 609 dicitnr,
1256 536 1296 597 nt
1330 537 1412 598 recte

185 643 349 707 Baehrens
373 641 506 705 adnotat
530 676 571 686 -
595 640 681 705 fures
711 642 810 704 latere
842 639 880 703 cf.
908 640 983 704 Hor.
1014 658 1061 722 ep.
1091 640 1108 703 Ι
1140 649 1175 717 2,
1205 649 1246 706 32
1279 645 1415 720 serpant

188 749 225 812 de
248 753 337 812 nocte
360 747 507 822 latrones,
532 753 563 809 Γ
585 756 623 812 11
649 743 830 834 ὀμίχλην..
854 744 1026 834 κλέπτῃ..
1049 747 1162 823 νυκτὸς
1190 744 1331 828 ἀμείνω
1363 749 1413 812 scd

189 857 274 921 enim
296 872 466 936 vesperum
488 872 551 917 non
575 853 669 917 modo
701 872 764 917 non
795 853 1029 918 criminandum
1059 872 1145 930 esse,
1175 873 1288 918 verum
1320 856 1413 918 etiam

186 961 396 1036 laudandum,
421 961 476 1041 qui
506 959 590 1022 idem
619 979 712 1038 saepe
742 963 900 1023 revertens
928 961 986 1024 sub
1016 962 1142 1023 mutato
1171 961 1301 1025 nomine
1331 961 1413 1025 fures

187 1067 435 1151 comprehendat
457 1067 476 1129 i.
501 1085 517 1130 e
541 1066 604 1130 diei
626 1067 697 1131 luce
722 1067 923 1130 adventante.
960 1067 1160 1149 Acprimum
1177 1068 1308 1148 quidem
1324 1086 1415 1147 saepe

188 1177 227 1240 ad
250 1178 409 1238 reverteas
431 1173 571 1255 pertinet
592 1191 652 1237 nec
674 1174 763 1254 iungi
777 1176 894 1256 potest,
918 1173 1002 1254 quod
1019 1174 1149 1254 quidam
1165 1173 1320 1250 fecerunt,
1345 1195 1413 1238 cum

187 1280 394 1362 comprendis,
419 1279 493 1360 qnia
516 1280 562 1342 ita
585 1279 617 1343 id
642 1280 726 1361 quod
749 1281 853 1343 laudis
877 1299 1007 1362 vespero
1030 1281 1177 1343 tribuunt
1191 1281 1334 1358 iuvenes
1357 1282 1414 1364 ipsi

187 1407 300 1453 rursus
330 1405 387 1471 per
414 1405 510 1464 saepe
540 1386 748 1450 infirmarent.
794 1387 878 1450 Nam
894 1387 1021 1451 Lucifer
1043 1388 1171 1451 tantum
1194 1407 1289 1466 saepe
1313 1407 1414 1452 rever-

188 1497 277 1571 titur,
302 1494 357 1558 sed
373 1511 498 1574 semper
514 1492 600 1557 fures
617 1494 840 1576 comprendere
865 1494 989 1558 dicitur.
1023 1494 1128 1575 Igitur
1139 1493 1230 1557 Eous
1247 1494 1414 1558 Schraderi

189 1621 252 1666 non
276 1601 417 1683 speciosa
441 1601 568 1663 tantum
593 1601 642 1663 est
665 1600 855 1677 coniectura,
879 1601 931 1665 sed
957 1601 1123 1664 verissima
1146 1600 1326 1665 emendatio
1348 1602 1415 1665 loco

190 1708 331 1790 corrupti
354 1706 499 1770 vocabuli
522 1705 643 1768 eosdem
665 1706 854 1788 reponenda.

279 1813 441 1894 Quidquid
466 1813 549 1878 enim
572 1814 672 1876 latere
694 1816 790 1896 putas
815 1813 874 1877 sub
898 1832 933 1877 eo
957 1813 1117 1889 vocabulo,
1140 1814 1200 1877 hoo
1214 1815 1321 1896 ipsum
1344 1833 1414 1878 vere

190 1923 336 2004 ineptum
369 1923 426 1984 est.
472 1919 556 1982 Nam
588 1938 662 1983 cum
684 1919 808 1984 furibus
831 1938 893 1984 nox
915 1939 1066 2002 prospera
1096 1920 1235 1996 dicatur,
1266 1939 1330 1984 non
1353 1921 1415 1983 He·

195 2047 316 2112 sperus,
341 2027 430 2091 cuius
455 2027 515 2090 sub
539 2025 676 2089 adventu
701 2028 798 2090 etiam
810 2028 921 2108 vigilet
936 2027 1088 2103 custodia,
1111 2045 1152 2090 ne
1174 2027 1197 2090 ii
1221 2027 1349 2108 quidem
1371 2028 1415 2090 ita

191 2135 293 2200 denuo
317 2133 427 2197 referri
442 2134 585 2215 possunt,
609 2134 647 2195 nt
664 2123 789 2228 tiidem‘
808 2135 847 2197 ab
864 2133 973 2197 eodem
989 2133 1130 2215 Hespero
1146 2135 1271 2197 mutato
1287 2135 1413 2198 nomine

195 2239 418 2324 comprehendi
449 2238 604 2302 dicantur.
657 2239 720 2303 Sed
747 2239 825 2302 illud
858 2241 1004 2317 notatur,
1035 2240 1090 2320 qni
1119 2239 1281 2304 custodiae
1311 2240 1415 2304 faveat

191 2349 211 2412 i.
235 2367 270 2423 e,
294 2349 332 2411 ut
361 2347 503 2428 proxima
533 2345 696 2427 aperiunt,
726 2345 811 2409 fures
840 2346 1021 2428 prohibeat,
1053 2365 1132 2426 qnos
1160 2365 1224 2410 non
1252 2347 1416 2429 prohibeat

192 2473 262 2531 nox,
287 2453 343 2518 sed
367 2452 532 2527 admittat,
560 2451 697 2515 eundem
726 2451 834 2515 furum
863 2453 1135 2534 comprehensioni
1167 2452 1282 2516 favere.
1327 2453 1415 2516 Duae

192 2562 291 2643 igitur
305 2560 411 2624 variae
435 2560 574 2623 actiones
596 2559 823 2641 praedicantur
845 2559 884 2623 de
899 2560 1042 2642 Hespero
1066 2560 1131 2624 sive
1155 2559 1303 2624 Lucifero
1327 2561 1415 2641 eique

191 2687 248 2752 per
278 2667 362 2731 idem
394 2667 593 2742 tribuuntur,
622 2685 685 2730 non
720 2665 758 2730 de
787 2666 911 2730 furibus
945 2665 1058 2730 iisdem
1094 2667 1169 2748 quid
1202 2667 1260 2730 fiat
1294 2667 1416 2731 dicitur.

191 2775 279 2838 Nihil
301 2775 400 2856 igitur
422 2774 485 2837 huc
507 2773 646 2854 pertinet
668 2773 756 2836 iocus
780 2772 899 2836 allatus
923 2792 940 2836 e
963 2772 1113 2836 Iuvenale
1137 2773 1203 2836 VH
1228 2781 1292 2839 153
1316 2775 1368 2838 hie

369 2879 458 2944 Nam
482 2897 696 2960 quaecumque
719 2877 830 2942 sedeas
852 2879 942 2942 modo
957 2878 1083 2960 teperet,
1107 2878 1184 2944 baec
1204 2879 1314 2944 ecdem
1330 2885 1416 2944 stam

369 2986 521 3066 Perseret,
546 2989 643 3067 atque
664 2984 773 3048 eadem
796 2985 939 3049 cantabit
960 2985 1104 3049 versibus
1128 2986 1234 3050 isdem.

281 3096 378 3159 Porro
401 3093 543 3158 Pleitner
566 3094 586 3156 l.
602 3113 627 3157 o.
644 3113 673 3175 p.
691 3101 732 3157 70
756 3094 842 3156 recte
865 3092 946 3157 illud
969 3094 1202 3168 animadvertit,
1227 3094 1313 3174 quod
1336 3113 1415 3157 nunc

193 3221 212 3265 a
242 3201 437 3265 Baehrensio
473 3200 603 3263 demum
640 3199 817 3282 profectum
847 3200 990 3276 videtur,
1020 3201 1116 3264 rerba
1144 3203 1265 3263 mutato
1294 3201 1417 3266 nombre

193 3308 357 3389 flagitare,
391 3308 428 3370 ut
463 3306 547 3386 quod
583 3307 720 3370 alterum
754 3325 870 3370 nomen
906 3307 948 3370 sit
982 3307 1117 3389 Hesperi
1150 3306 1319 3370 indicetur.
1380 3306 1416 3370 Ut

194 3413 334 3495 aequalis
358 3415 391 3476 et
415 3413 536 3476 amicus
561 3412 680 3477 Catulli
697 3412 730 3477 G.
746 3413 879 3476 Helvius
897 3413 998 3478 Cinna
1013 3414 1046 3478 in
1062 3413 1099 3477 fr.
1117 3423 1136 3479 8
1153 3414 1195 3478 M.
1211 3414 1245 3477 in
1262 3414 1414 3497 Zmyrnae

195 3519 393 3585 errabundae
424 3519 605 3600 angoribus
629 3522 661 3583 et
691 3521 961 3585 sollicitudinibus
990 3520 1204 3585 describendis
1235 3521 1316 3585 haec
1347 3520 1416 3585 dicit

194 3629 320 3691 inverso
344 3644 454 3690 earum
478 3625 644 3690 notionum
670 3627 795 3691 ordine:

377 3730 422 3795 Te
443 3732 624 3796 matutinus
645 3732 772 3811 flentem
794 3734 957 3813 comperit
979 3734 1077 3812 Eous,

371 3837 417 3900 Er
437 3837 562 3918 stentem
581 3838 695 3919 paullo
717 3839 800 3904 uidit
820 3845 890 3920 post
912 3841 1079 3921 Hesperus
1100 3840 1192 3905 idem.

282 3946 463 4028 Vesperum
479 3946 577 4028 igitur
601 3983 642 3993 —
666 3947 712 4010 ita
729 3949 853 4012 acutius
875 3950 908 4012 et
924 3949 1072 4012 subtilius
1088 3945 1283 4012 defendendo
1301 3947 1412 4012 crimen

193 4053 274 4116 illud
297 4054 427 4117 iuvenes
452 4054 642 4116 elevant-
666 4073 771 4135 neque
796 4055 922 4136 eulpam
945 4072 1017 4117 eam
1040 4055 1213 4126 sustinere,
1238 4071 1336 4134 quam
1364 4051 1414 4114 tri·

194 4159 297 4222 buant
318 4160 452 4241 puellae,
477 4160 562 4240 quod
585 4160 680 4224 furtis
703 4160 819 4235 faveat,
842 4164 874 4223 et
897 4160 956 4223 sub
972 4161 1052 4223 lueis
1069 4160 1182 4236 reditu,
1207 4177 1305 4240 quam
1329 4175 1414 4239 saepe
