<?xml version="1.0" encoding="UTF-8"?>
<!DOCTYPE html PUBLIC "-//W3C//DTD XHTML 1.0 Transitional//EN"
    "http://www.w3.org/TR/xhtml1/DTD/xhtml1-transitional.dtd">
<html xmlns="http://www.w3.org/1999/xhtml" xml:lang="en" lang="en">
 <head>
  <title>
</title>
<meta http-equiv="Content-Type" content="text/html;charset=utf-8" />
  <meta name='ocr-system' content='tesseract 3.04.00' />
  <meta name='ocr-capabilities' content='ocr_page ocr_carea ocr_par ocr_line ocrx_word'/>
</head>
<body>
  <div class='ocr_page' id='page_1' title='image "./quaestonescatul00webegoog_0096.png"; bbox 0 0 2928 4724; ppageno 0'>
   <div class='ocr_carea' id='block_1_1' title="bbox 605 192 763 282">
    <p class='ocr_par' dir='ltr' id='par_1_1' title="bbox 605 192 763 282">
     <span class='ocr_line' id='line_1_1' title="bbox 605 192 763 282; baseline 0 0"><span class='ocrx_word' id='word_1_1' title='bbox 605 192 763 282; x_wconf 49' lang='lat' dir='ltr'>A„</span> 
     </span>
    </p>
   </div>
   <div class='ocr_carea' id='block_1_2' title="bbox 11 337 1427 676">
    <p class='ocr_par' dir='ltr' id='par_1_2' title="bbox 11 337 1427 676">
     <span class='ocr_line' id='line_1_2' title="bbox 11 337 1298 479; baseline 0.002 -33"><span class='ocrx_word' id='word_1_2' title='bbox 11 337 15 348; x_wconf 19' lang='lat' dir='ltr'>A</span> <span class='ocrx_word' id='word_1_3' title='bbox 67 381 87 462; x_wconf 85' lang='lat'><strong>§</strong></span> <span class='ocrx_word' id='word_1_4' title='bbox 111 388 163 446; x_wconf 88' lang='grc'>30.</span> <span class='ocrx_word' id='word_1_5' title='bbox 208 380 282 462; x_wconf 91' lang='lat' dir='ltr'>Ipse</span> <span class='ocrx_word' id='word_1_6' title='bbox 297 380 462 444; x_wconf 78' lang='lat' dir='ltr'>Baehrens</span> <span class='ocrx_word' id='word_1_7' title='bbox 487 378 630 444; x_wconf 87' lang='lat' dir='ltr'>concedit</span> <span class='ocrx_word' id='word_1_8' title='bbox 654 367 830 474; x_wconf 41' lang='lat' dir='ltr'>‘tradendi&#39;</span> <span class='ocrx_word' id='word_1_9' title='bbox 856 381 989 445; x_wconf 89' lang='lat' dir='ltr'>verbum</span> <span class='ocrx_word' id='word_1_10' title='bbox 1005 381 1103 447; x_wconf 86' lang='lat' dir='ltr'>eliam</span> <span class='ocrx_word' id='word_1_11' title='bbox 1120 382 1298 479; x_wconf 42' lang='lat' dir='ltr'>(interdum</span> 
     </span>
     <span class='ocr_line' id='line_1_3' title="bbox 67 473 1427 571; baseline 0.003 -21"><span class='ocrx_word' id='word_1_12' title='bbox 67 487 256 571; x_wconf 88' lang='lat' dir='ltr'>simpliciter</span> <span class='ocrx_word' id='word_1_13' title='bbox 279 487 385 551; x_wconf 87' lang='lat' dir='ltr'>valere</span> <span class='ocrx_word' id='word_1_14' title='bbox 408 488 545 566; x_wconf 79' lang='lat' dir='ltr'>nuptum</span> <span class='ocrx_word' id='word_1_15' title='bbox 574 473 769 561; x_wconf 77' lang='lat' dir='ltr'>eoudreore‘;</span> <span class='ocrx_word' id='word_1_16' title='bbox 799 487 878 551; x_wconf 90' lang='lat' dir='ltr'>item</span> <span class='ocrx_word' id='word_1_17' title='bbox 909 489 1032 569; x_wconf 90' lang='lat' dir='ltr'>reliqua</span> <span class='ocrx_word' id='word_1_18' title='bbox 1063 490 1216 554; x_wconf 87' lang='lat' dir='ltr'>voeabula</span> <span class='ocrx_word' id='word_1_19' title='bbox 1242 508 1300 554; x_wconf 89' lang='lat' dir='ltr'>ne·</span> <span class='ocrx_word' id='word_1_20' title='bbox 1425 491 1427 496; x_wconf 84' lang='lat'>&#39;</span> 
     </span>
     <span class='ocr_line' id='line_1_4' title="bbox 66 593 1085 676; baseline 0 -18"><span class='ocrx_word' id='word_1_21' title='bbox 66 611 233 675; x_wconf 90' lang='lat' dir='ltr'>quaquam</span> <span class='ocrx_word' id='word_1_22' title='bbox 257 593 296 657; x_wconf 89' lang='lat' dir='ltr'>de</span> <span class='ocrx_word' id='word_1_23' title='bbox 319 593 459 658; x_wconf 88' lang='lat' dir='ltr'>romanis</span> <span class='ocrx_word' id='word_1_24' title='bbox 482 593 610 656; x_wconf 86' lang='lat' dir='ltr'>tantum</span> <span class='ocrx_word' id='word_1_25' title='bbox 632 593 773 656; x_wconf 89' lang='lat' dir='ltr'>moribus</span> <span class='ocrx_word' id='word_1_26' title='bbox 798 594 897 676; x_wconf 87' lang='lat' dir='ltr'>accipi</span> <span class='ocrx_word' id='word_1_27' title='bbox 920 595 1085 660; x_wconf 81' lang='lat' dir='ltr'><strong>debebant.</strong></span> 
     </span>
    </p>
   </div>
   <div class='ocr_carea' id='block_1_3' title="bbox 640 991 720 1073">
    <p class='ocr_par' dir='ltr' id='par_1_3' title="bbox 640 991 720 1073">
     <span class='ocr_line' id='line_1_5' title="bbox 640 991 720 1073; baseline 0.013 -1"><span class='ocrx_word' id='word_1_28' title='bbox 640 991 720 1073; x_wconf 91' lang='lat' dir='ltr'>IV.</span> 
     </span>
    </p>
   </div>
   <div class='ocr_carea' id='block_1_4' title="bbox 56 1142 1300 3672">
    <p class='ocr_par' dir='ltr' id='par_1_4' title="bbox 56 1142 1300 3672">
     <span class='ocr_line' id='line_1_6' title="bbox 156 1142 1298 1227; baseline 0.003 -21"><span class='ocrx_word' id='word_1_29' title='bbox 156 1143 230 1208; x_wconf 90' lang='lat' dir='ltr'>Iam</span> <span class='ocrx_word' id='word_1_30' title='bbox 264 1143 344 1206; x_wconf 92' lang='lat' dir='ltr'>illud</span> <span class='ocrx_word' id='word_1_31' title='bbox 377 1142 586 1208; x_wconf 85' lang='lat' dir='ltr'>manifestum</span> <span class='ocrx_word' id='word_1_32' title='bbox 630 1145 680 1206; x_wconf 92' lang='grc'>999</span> <span class='ocrx_word' id='word_1_33' title='bbox 714 1142 953 1224; x_wconf 76' lang='lat' dir='ltr'>dispositionem</span> <span class='ocrx_word' id='word_1_34' title='bbox 988 1144 1020 1209; x_wconf 91' lang='grc'>99</span> <span class='ocrx_word' id='word_1_35' title='bbox 1055 1144 1298 1227; x_wconf 75' lang='lat' dir='ltr'>explicationem</span> 
     </span>
     <span class='ocr_line' id='line_1_7' title="bbox 61 1249 1298 1332; baseline 0 -18"><span class='ocrx_word' id='word_1_36' title='bbox 61 1269 176 1314; x_wconf 84' lang='lat' dir='ltr'>rerum</span> <span class='ocrx_word' id='word_1_37' title='bbox 200 1251 527 1330; x_wconf 77' lang='lat' dir='ltr'>argumentorumque</span> <span class='ocrx_word' id='word_1_38' title='bbox 551 1267 608 1332; x_wconf 91' lang='lat' dir='ltr'>per</span> <span class='ocrx_word' id='word_1_39' title='bbox 630 1251 736 1314; x_wconf 90' lang='lat' dir='ltr'>totum</span> <span class='ocrx_word' id='word_1_40' title='bbox 760 1267 888 1313; x_wconf 87' lang='lat' dir='ltr'>carmen</span> <span class='ocrx_word' id='word_1_41' title='bbox 911 1249 1096 1313; x_wconf 88' lang='lat' dir='ltr'>inst&#39;tutam</span> <span class='ocrx_word' id='word_1_42' title='bbox 1124 1269 1194 1314; x_wconf 89' lang='lat' dir='ltr'>eam</span> <span class='ocrx_word' id='word_1_43' title='bbox 1218 1269 1298 1328; x_wconf 89' lang='lat' dir='ltr'>esse,</span> 
     </span>
     <span class='ocr_line' id='line_1_8' title="bbox 63 1354 1298 1438; baseline 0 -18"><span class='ocrx_word' id='word_1_44' title='bbox 63 1359 103 1420; x_wconf 95' lang='lat' dir='ltr'>ut</span> <span class='ocrx_word' id='word_1_45' title='bbox 127 1357 171 1420; x_wconf 91' lang='lat' dir='ltr'>ad</span> <span class='ocrx_word' id='word_1_46' title='bbox 196 1375 347 1438; x_wconf 87' lang='lat' dir='ltr'>graecum</span> <span class='ocrx_word' id='word_1_47' title='bbox 370 1356 499 1436; x_wconf 83' lang='lat' dir='ltr'>aliquod</span> <span class='ocrx_word' id='word_1_48' title='bbox 524 1356 685 1438; x_wconf 86' lang='lat' dir='ltr'>exemplar</span> <span class='ocrx_word' id='word_1_49' title='bbox 714 1354 747 1418; x_wconf 94' lang='lat' dir='ltr'>id</span> <span class='ocrx_word' id='word_1_50' title='bbox 770 1354 881 1420; x_wconf 89' lang='lat' dir='ltr'>referri</span> <span class='ocrx_word' id='word_1_51' title='bbox 911 1355 1040 1432; x_wconf 90' lang='lat' dir='ltr'>debeat,</span> <span class='ocrx_word' id='word_1_52' title='bbox 1070 1374 1133 1420; x_wconf 92' lang='lat' dir='ltr'>non</span> <span class='ocrx_word' id='word_1_53' title='bbox 1161 1357 1298 1420; x_wconf 85' lang='lat' dir='ltr'>Alexan·</span> 
     </span>
     <span class='ocr_line' id='line_1_9' title="bbox 63 1461 1297 1546; baseline 0 -20"><span class='ocrx_word' id='word_1_54' title='bbox 63 1463 178 1526; x_wconf 80' lang='lat' dir='ltr'>dnnae</span> <span class='ocrx_word' id='word_1_55' title='bbox 203 1463 328 1539; x_wconf 88' lang='lat' dir='ltr'>aetatis,</span> <span class='ocrx_word' id='word_1_56' title='bbox 352 1463 409 1526; x_wconf 92' lang='lat' dir='ltr'>sed</span> <span class='ocrx_word' id='word_1_57' title='bbox 431 1462 532 1544; x_wconf 89' lang='lat' dir='ltr'>ipsius</span> <span class='ocrx_word' id='word_1_58' title='bbox 558 1461 763 1545; x_wconf 82' lang='lat' dir='ltr'>Sapphus,</span> <span class='ocrx_word' id='word_1_59' title='bbox 788 1461 872 1543; x_wconf 90' lang='lat' dir='ltr'>quod</span> <span class='ocrx_word' id='word_1_60' title='bbox 895 1462 1018 1545; x_wconf 88' lang='lat' dir='ltr'>primus</span> <span class='ocrx_word' id='word_1_61' title='bbox 1042 1463 1223 1546; x_wconf 88' lang='lat' dir='ltr'>suspicatus</span> <span class='ocrx_word' id='word_1_62' title='bbox 1248 1465 1297 1528; x_wconf 90' lang='lat' dir='ltr'>est</span> 
     </span>
     <span class='ocr_line' id='line_1_10' title="bbox 61 1568 1299 1650; baseline 0.001 -17"><span class='ocrx_word' id='word_1_63' title='bbox 61 1569 160 1633; x_wconf 89' lang='lat' dir='ltr'>Isaac</span> <span class='ocrx_word' id='word_1_64' title='bbox 184 1569 319 1632; x_wconf 87' lang='lat' dir='ltr'>Vossius</span> <span class='ocrx_word' id='word_1_65' title='bbox 342 1569 376 1631; x_wconf 92' lang='lat' dir='ltr'>in</span> <span class='ocrx_word' id='word_1_66' title='bbox 399 1569 473 1632; x_wconf 90' lang='lat' dir='ltr'>edit.</span> <span class='ocrx_word' id='word_1_67' title='bbox 502 1588 532 1650; x_wconf 92' lang='lat' dir='ltr'>p.</span> <span class='ocrx_word' id='word_1_68' title='bbox 564 1575 626 1634; x_wconf 84' lang='lat'>189</span> <span class='ocrx_word' id='word_1_69' title='bbox 659 1570 692 1632; x_wconf 87' lang='lat' dir='ltr'>et</span> <span class='ocrx_word' id='word_1_70' title='bbox 719 1568 1009 1650; x_wconf 84' lang='lat' dir='ltr'>exploratissimum</span> <span class='ocrx_word' id='word_1_71' title='bbox 1039 1571 1089 1632; x_wconf 88' lang='lat' dir='ltr'>eet</span> <span class='ocrx_word' id='word_1_72' title='bbox 1117 1569 1150 1635; x_wconf 82' lang='grc' dir='ltr'>Ο.</span> <span class='ocrx_word' id='word_1_73' title='bbox 1180 1570 1299 1634; x_wconf 83' lang='lat' dir='ltr'>Alden·</span> 
     </span>
     <span class='ocr_line' id='line_1_11' title="bbox 62 1673 1297 1757; baseline 0.002 -17"><span class='ocrx_word' id='word_1_74' title='bbox 62 1677 200 1752; x_wconf 82' lang='lat' dir='ltr'>bosono,</span> <span class='ocrx_word' id='word_1_75' title='bbox 225 1676 334 1756; x_wconf 88' lang='lat' dir='ltr'>quiin</span> <span class='ocrx_word' id='word_1_76' title='bbox 359 1693 493 1740; x_wconf 87' lang='lat' dir='ltr'>censura</span> <span class='ocrx_word' id='word_1_77' title='bbox 514 1674 787 1756; x_wconf 85' lang='lat' dir='ltr'>interpretationis</span> <span class='ocrx_word' id='word_1_78' title='bbox 809 1673 997 1757; x_wconf 87' lang='lat' dir='ltr'>Heyseanae</span> <span class='ocrx_word' id='word_1_79' title='bbox 1020 1675 1123 1740; x_wconf 91' lang='lat' dir='ltr'>denuo</span> <span class='ocrx_word' id='word_1_80' title='bbox 1153 1695 1179 1740; x_wconf 88' lang='grc'>9.</span> <span class='ocrx_word' id='word_1_81' title='bbox 1211 1683 1297 1742; x_wconf 88' lang='grc'>1889</span> 
     </span>
     <span class='ocr_line' id='line_1_12' title="bbox 61 1777 1295 1866; baseline 0 -18"><span class='ocrx_word' id='word_1_82' title='bbox 61 1783 173 1848; x_wconf 89' lang='lat' dir='ltr'>editae</span> <span class='ocrx_word' id='word_1_83' title='bbox 197 1782 379 1864; x_wconf 90' lang='lat' dir='ltr'>nuperrime</span> <span class='ocrx_word' id='word_1_84' title='bbox 403 1781 436 1843; x_wconf 91' lang='lat' dir='ltr'>in</span> <span class='ocrx_word' id='word_1_85' title='bbox 460 1781 539 1844; x_wconf 90' lang='lat' dir='ltr'>actis</span> <span class='ocrx_word' id='word_1_86' title='bbox 562 1779 818 1844; x_wconf 82' lang='lat' dir='ltr'>hebdomadariis</span> <span class='ocrx_word' id='word_1_87' title='bbox 841 1777 908 1843; x_wconf 80' lang='lat' dir='ltr'>Die</span> <span class='ocrx_word' id='word_1_88' title='bbox 931 1779 1056 1843; x_wconf 79' lang='lat' dir='ltr'>Notion</span> <span class='ocrx_word' id='word_1_89' title='bbox 1077 1789 1160 1847; x_wconf 87' lang='grc'>1889</span> <span class='ocrx_word' id='word_1_90' title='bbox 1185 1801 1214 1866; x_wconf 92' lang='lat' dir='ltr'>p.</span> <span class='ocrx_word' id='word_1_91' title='bbox 1233 1789 1295 1849; x_wconf 81' lang='grc'>747</span> 
     </span>
     <span class='ocr_line' id='line_1_13' title="bbox 61 1884 1297 1970; baseline -0.001 -18"><span class='ocrx_word' id='word_1_92' title='bbox 61 1890 124 1954; x_wconf 89' lang='grc'>1199</span> <span class='ocrx_word' id='word_1_93' title='bbox 149 1907 283 1953; x_wconf 88' lang='lat' dir='ltr'>carmen</span> <span class='ocrx_word' id='word_1_94' title='bbox 305 1887 482 1951; x_wconf 85' lang='lat' dir='ltr'>nominavit</span> <span class='ocrx_word' id='word_1_95' title='bbox 504 1885 566 1949; x_wconf 79' lang='lat' dir='ltr'>deu</span> <span class='ocrx_word' id='word_1_96' title='bbox 582 1884 803 1966; x_wconf 76' lang='lat' dir='ltr'>procbtvotleu</span> <span class='ocrx_word' id='word_1_97' title='bbox 833 1885 1089 1968; x_wconf 71' lang='lat' dir='ltr'>Wecbseqesaop</span> <span class='ocrx_word' id='word_1_98' title='bbox 1112 1887 1297 1970; x_wconf 63' lang='grc'>199199199-</span> 
     </span>
     <span class='ocr_line' id='line_1_14' title="bbox 57 1991 1297 2078; baseline -0.002 -17"><span class='ocrx_word' id='word_1_99' title='bbox 57 1996 151 2078; x_wconf 72' lang='grc'>11999</span> <span class='ocrx_word' id='word_1_100' title='bbox 174 1993 245 2058; x_wconf 77' lang='lat' dir='ltr'>und</span> <span class='ocrx_word' id='word_1_101' title='bbox 267 1992 477 2074; x_wconf 71' lang='lat' dir='ltr'>Junpfrauec</span> <span class='ocrx_word' id='word_1_102' title='bbox 499 2013 553 2056; x_wconf 85' lang='lat' dir='ltr'>om</span> <span class='ocrx_word' id='word_1_103' title='bbox 576 1991 840 2069; x_wconf 75' lang='lat' dir='ltr'>Hoebeee&#39;iabcud,</span> <span class='ocrx_word' id='word_1_104' title='bbox 865 1991 995 2055; x_wconf 75' lang='lat' dir='ltr'>waledar</span> <span class='ocrx_word' id='word_1_105' title='bbox 1024 2012 1087 2056; x_wconf 82' lang='lat' dir='ltr'>uus</span> <span class='ocrx_word' id='word_1_106' title='bbox 1117 1993 1169 2058; x_wconf 81' lang='lat' dir='ltr'>die</span> <span class='ocrx_word' id='word_1_107' title='bbox 1199 1993 1297 2058; x_wconf 83' lang='lat' dir='ltr'>alier-</span> 
     </span>
     <span class='ocr_line' id='line_1_15' title="bbox 58 2095 1297 2183; baseline -0.001 -18"><span class='ocrx_word' id='word_1_108' title='bbox 58 2100 261 2165; x_wconf 71' lang='lat' dir='ltr'>tbetmlieben</span> <span class='ocrx_word' id='word_1_109' title='bbox 272 2098 391 2163; x_wconf 76' lang='lat' dir='ltr'>Btlder</span> <span class='ocrx_word' id='word_1_110' title='bbox 402 2095 548 2178; x_wconf 77' lang='lat' dir='ltr'>Sapphus</span> <span class='ocrx_word' id='word_1_111' title='bbox 570 2098 607 2160; x_wconf 79' lang='lat' dir='ltr'>iu</span> <span class='ocrx_word' id='word_1_112' title='bbox 629 2097 718 2162; x_wconf 80' lang='lat' dir='ltr'>ihrer</span> <span class='ocrx_word' id='word_1_113' title='bbox 740 2097 909 2179; x_wconf 77' lang='lat' dir='ltr'>eiofuobcu</span> <span class='ocrx_word' id='word_1_114' title='bbox 921 2096 1089 2162; x_wconf 78' lang='lat' dir='ltr'>Scbdubeit</span> <span class='ocrx_word' id='word_1_115' title='bbox 1110 2119 1166 2163; x_wconf 83' lang='lat' dir='ltr'>vor</span> <span class='ocrx_word' id='word_1_116' title='bbox 1180 2099 1297 2183; x_wconf 75' lang='lat' dir='ltr'>Augen</span> 
     </span>
     <span class='ocr_line' id='line_1_16' title="bbox 56 2205 1298 2290; baseline 0.001 -19"><span class='ocrx_word' id='word_1_117' title='bbox 56 2208 167 2288; x_wconf 67' lang='grc'>[91199.</span> <span class='ocrx_word' id='word_1_118' title='bbox 215 2206 361 2273; x_wconf 87' lang='grc'>11191919</span> <span class='ocrx_word' id='word_1_119' title='bbox 385 2207 470 2270; x_wconf 85' lang='lat' dir='ltr'>eninr</span> <span class='ocrx_word' id='word_1_120' title='bbox 494 2208 527 2269; x_wconf 88' lang='lat' dir='ltr'>et</span> <span class='ocrx_word' id='word_1_121' title='bbox 548 2206 618 2287; x_wconf 87' lang='lat' dir='ltr'>ipsa</span> <span class='ocrx_word' id='word_1_122' title='bbox 642 2206 741 2269; x_wconf 91' lang='lat' dir='ltr'>oratio</span> <span class='ocrx_word' id='word_1_123' title='bbox 764 2207 833 2269; x_wconf 90' lang='grc'>9911</span> <span class='ocrx_word' id='word_1_124' title='bbox 862 2205 1029 2269; x_wconf 90' lang='lat' dir='ltr'>decentem</span> <span class='ocrx_word' id='word_1_125' title='bbox 1059 2205 1298 2290; x_wconf 89' lang='lat' dir='ltr'>simplicitatem</span> 
     </span>
     <span class='ocr_line' id='line_1_17' title="bbox 58 2312 1298 2394; baseline -0.001 -15"><span class='ocrx_word' id='word_1_126' title='bbox 58 2315 188 2380; x_wconf 87' lang='lat' dir='ltr'>habent</span> <span class='ocrx_word' id='word_1_127' title='bbox 221 2315 410 2394; x_wconf 84' lang='lat' dir='ltr'>tantamque</span> <span class='ocrx_word' id='word_1_128' title='bbox 438 2313 641 2376; x_wconf 87' lang='lat' dir='ltr'>venustatem</span> <span class='ocrx_word' id='word_1_129' title='bbox 671 2313 704 2375; x_wconf 89' lang='lat' dir='ltr'>et</span> <span class='ocrx_word' id='word_1_130' title='bbox 732 2312 912 2376; x_wconf 88' lang='lat' dir='ltr'>claritatem</span> <span class='ocrx_word' id='word_1_131' title='bbox 941 2312 1068 2394; x_wconf 84' lang='lat' dir='ltr'>placide</span> <span class='ocrx_word' id='word_1_132' title='bbox 1099 2315 1167 2376; x_wconf 89' lang='lat' dir='ltr'>arte</span> <span class='ocrx_word' id='word_1_133' title='bbox 1205 2331 1298 2378; x_wconf 87' lang='lat' dir='ltr'>orna-</span> 
     </span>
     <span class='ocr_line' id='line_1_18' title="bbox 61 2418 1296 2504; baseline 0.001 -19"><span class='ocrx_word' id='word_1_134' title='bbox 61 2424 152 2498; x_wconf 89' lang='lat' dir='ltr'>tam,</span> <span class='ocrx_word' id='word_1_135' title='bbox 178 2422 216 2483; x_wconf 92' lang='lat' dir='ltr'>ut</span> <span class='ocrx_word' id='word_1_136' title='bbox 239 2421 365 2486; x_wconf 88' lang='lat' dir='ltr'>etiamsi</span> <span class='ocrx_word' id='word_1_137' title='bbox 389 2437 470 2500; x_wconf 88' lang='lat' dir='ltr'>quae</span> <span class='ocrx_word' id='word_1_138' title='bbox 494 2436 591 2502; x_wconf 87' lang='lat' dir='ltr'>supra</span> <span class='ocrx_word' id='word_1_139' title='bbox 613 2418 737 2481; x_wconf 82' lang='lat' dir='ltr'>firmari</span> <span class='ocrx_word' id='word_1_140' title='bbox 760 2419 944 2482; x_wconf 90' lang='lat' dir='ltr'>testimonia</span> <span class='ocrx_word' id='word_1_141' title='bbox 967 2420 1097 2500; x_wconf 87' lang='lat' dir='ltr'>originis</span> <span class='ocrx_word' id='word_1_142' title='bbox 1121 2419 1296 2504; x_wconf 84' lang='lat' dir='ltr'>Sapphicae</span> 
     </span>
     <span class='ocr_line' id='line_1_19' title="bbox 60 2524 1298 2624; baseline 0 -32"><span class='ocrx_word' id='word_1_143' title='bbox 60 2528 228 2602; x_wconf 88' lang='lat' dir='ltr'>deessent,</span> <span class='ocrx_word' id='word_1_144' title='bbox 251 2525 371 2590; x_wconf 89' lang='lat' dir='ltr'>nemini</span> <span class='ocrx_word' id='word_1_145' title='bbox 401 2525 533 2589; x_wconf 89' lang='lat' dir='ltr'>dubium</span> <span class='ocrx_word' id='word_1_146' title='bbox 563 2543 632 2588; x_wconf 89' lang='grc'>9999</span> <span class='ocrx_word' id='word_1_147' title='bbox 663 2524 792 2589; x_wconf 89' lang='lat' dir='ltr'>deberet</span> <span class='ocrx_word' id='word_1_148' title='bbox 823 2525 987 2591; x_wconf 80' lang='lat' dir='ltr'>Catullum</span> <span class='ocrx_word' id='word_1_149' title='bbox 1015 2545 1080 2590; x_wconf 89' lang='lat' dir='ltr'>non</span> <span class='ocrx_word' id='word_1_150' title='bbox 1115 2527 1219 2591; x_wconf 90' lang='lat' dir='ltr'>solum</span> <span class='ocrx_word' id='word_1_151' title='bbox 1249 2528 1298 2624; x_wconf 71' lang='lat' dir='ltr'>tin</span> 
     </span>
     <span class='ocr_line' id='line_1_20' title="bbox 62 2629 1298 2714; baseline 0.001 -17"><span class='ocrx_word' id='word_1_152' title='bbox 62 2635 258 2698; x_wconf 89' lang='lat' dir='ltr'>universum</span> <span class='ocrx_word' id='word_1_153' title='bbox 293 2633 441 2696; x_wconf 89' lang='lat' dir='ltr'>secutum</span> <span class='ocrx_word' id='word_1_154' title='bbox 476 2649 545 2694; x_wconf 92' lang='grc'>9999</span> <span class='ocrx_word' id='word_1_155' title='bbox 581 2630 646 2694; x_wconf 89' lang='grc'>9119</span> <span class='ocrx_word' id='word_1_156' title='bbox 680 2629 807 2714; x_wconf 85' lang='lat' dir='ltr'>Sappho</span> <span class='ocrx_word' id='word_1_157' title='bbox 842 2632 907 2694; x_wconf 85' lang='lat' dir='ltr'>sive</span> <span class='ocrx_word' id='word_1_158' title='bbox 946 2649 1167 2714; x_wconf 77' lang='lat' dir='ltr'>quemcunque</span> <span class='ocrx_word' id='word_1_159' title='bbox 1199 2633 1298 2698; x_wconf 90' lang='lat' dir='ltr'>alium</span> 
     </span>
     <span class='ocr_line' id='line_1_21' title="bbox 62 2724 1297 2822; baseline 0 -18"><span class='ocrx_word' id='word_1_160' title='bbox 62 2743 198 2822; x_wconf 86' lang='lat' dir='ltr'>poetam</span> <span class='ocrx_word' id='word_1_161' title='bbox 223 2724 406 2812; x_wconf 85' lang='lat' dir='ltr'>Graecum&#39;,</span> <span class='ocrx_word' id='word_1_162' title='bbox 429 2737 468 2800; x_wconf 89' lang='grc'>19</span> <span class='ocrx_word' id='word_1_163' title='bbox 490 2736 684 2800; x_wconf 89' lang='lat' dir='ltr'>Baehrensic</span> <span class='ocrx_word' id='word_1_164' title='bbox 706 2737 883 2813; x_wconf 82' lang='lat' dir='ltr'>videbatur,</span> <span class='ocrx_word' id='word_1_165' title='bbox 908 2737 963 2801; x_wconf 92' lang='lat' dir='ltr'>sed</span> <span class='ocrx_word' id='word_1_166' title='bbox 986 2739 1020 2800; x_wconf 93' lang='lat' dir='ltr'>in</span> <span class='ocrx_word' id='word_1_167' title='bbox 1044 2739 1178 2820; x_wconf 88' lang='lat' dir='ltr'>singulis</span> <span class='ocrx_word' id='word_1_168' title='bbox 1201 2741 1297 2805; x_wconf 89' lang='lat' dir='ltr'>rebus</span> 
     </span>
     <span class='ocr_line' id='line_1_22' title="bbox 60 2842 1298 2925; baseline 0 -15"><span class='ocrx_word' id='word_1_169' title='bbox 60 2849 98 2910; x_wconf 90' lang='grc'>99</span> <span class='ocrx_word' id='word_1_170' title='bbox 129 2844 237 2909; x_wconf 86' lang='lat' dir='ltr'>verbis</span> <span class='ocrx_word' id='word_1_171' title='bbox 267 2862 286 2907; x_wconf 92' lang='lat' dir='ltr'>a</span> <span class='ocrx_word' id='word_1_172' title='bbox 317 2843 439 2908; x_wconf 79' lang='lat' dir='ltr'>Graeca</span> <span class='ocrx_word' id='word_1_173' title='bbox 472 2843 560 2925; x_wconf 90' lang='lat' dir='ltr'>poesi</span> <span class='ocrx_word' id='word_1_174' title='bbox 589 2842 734 2925; x_wconf 90' lang='lat' dir='ltr'>pendere.</span> <span class='ocrx_word' id='word_1_175' title='bbox 787 2845 833 2907; x_wconf 84' lang='lat' dir='ltr'>Ac</span> <span class='ocrx_word' id='word_1_176' title='bbox 867 2844 894 2906; x_wconf 90' lang='lat' dir='ltr'>si</span> <span class='ocrx_word' id='word_1_177' title='bbox 924 2846 1019 2907; x_wconf 88' lang='lat' dir='ltr'>antea</span> <span class='ocrx_word' id='word_1_178' title='bbox 1047 2845 1205 2910; x_wconf 89' lang='lat' dir='ltr'>difficilius</span> <span class='ocrx_word' id='word_1_179' title='bbox 1235 2846 1298 2910; x_wconf 83' lang='grc'>1119</span> 
     </span>
     <span class='ocr_line' id='line_1_23' title="bbox 64 2949 1298 3032; baseline 0.002 -17"><span class='ocrx_word' id='word_1_180' title='bbox 64 2989 109 3000; x_wconf 83' lang='lat'>-</span> <span class='ocrx_word' id='word_1_181' title='bbox 135 2954 175 3015; x_wconf 92' lang='lat' dir='ltr'>ut</span> <span class='ocrx_word' id='word_1_182' title='bbox 198 2951 267 3014; x_wconf 87' lang='grc'>1119</span> <span class='ocrx_word' id='word_1_183' title='bbox 290 2950 375 3014; x_wconf 90' lang='lat' dir='ltr'>idem</span> <span class='ocrx_word' id='word_1_184' title='bbox 397 2950 534 3032; x_wconf 88' lang='lat' dir='ltr'>putabat</span> <span class='ocrx_word' id='word_1_185' title='bbox 557 2949 754 3014; x_wconf 84' lang='lat' dir='ltr'>-iudicare</span> <span class='ocrx_word' id='word_1_186' title='bbox 771 2949 809 3014; x_wconf 89' lang='lat' dir='ltr'>de</span> <span class='ocrx_word' id='word_1_187' title='bbox 828 2950 927 3014; x_wconf 89' lang='lat' dir='ltr'>totius</span> <span class='ocrx_word' id='word_1_188' title='bbox 947 2951 1095 3015; x_wconf 86' lang='lat' dir='ltr'>carminis</span> <span class='ocrx_word' id='word_1_189' title='bbox 1115 2952 1244 3016; x_wconf 90' lang='lat' dir='ltr'>consilio</span> <span class='ocrx_word' id='word_1_190' title='bbox 1265 2955 1298 3017; x_wconf 91' lang='lat' dir='ltr'>et</span> 
     </span>
     <span class='ocr_line' id='line_1_24' title="bbox 59 3055 1297 3140; baseline -0.002 -16"><span class='ocrx_word' id='word_1_191' title='bbox 59 3057 304 3140; x_wconf 71' lang='lat' dir='ltr'>compositione,</span> <span class='ocrx_word' id='word_1_192' title='bbox 328 3075 412 3122; x_wconf 90' lang='lat' dir='ltr'>nune</span> <span class='ocrx_word' id='word_1_193' title='bbox 434 3056 467 3120; x_wconf 95' lang='lat' dir='ltr'>id</span> <span class='ocrx_word' id='word_1_194' title='bbox 490 3056 665 3120; x_wconf 89' lang='lat' dir='ltr'>obtinuisse</span> <span class='ocrx_word' id='word_1_195' title='bbox 688 3056 767 3119; x_wconf 90' lang='lat' dir='ltr'>mihi</span> <span class='ocrx_word' id='word_1_196' title='bbox 783 3055 899 3132; x_wconf 85' lang='lat' dir='ltr'>videor,</span> <span class='ocrx_word' id='word_1_197' title='bbox 922 3058 960 3119; x_wconf 93' lang='lat' dir='ltr'>ut</span> <span class='ocrx_word' id='word_1_198' title='bbox 974 3058 1148 3138; x_wconf 91' lang='lat' dir='ltr'>utrumque</span> <span class='ocrx_word' id='word_1_199' title='bbox 1165 3061 1255 3122; x_wconf 89' lang='grc'>99199</span> <span class='ocrx_word' id='word_1_200' title='bbox 1274 3061 1297 3122; x_wconf 96' lang='grc'>9.</span> 
     </span>
     <span class='ocr_line' id='line_1_25' title="bbox 60 3162 1298 3247; baseline 0 -17"><span class='ocrx_word' id='word_1_201' title='bbox 60 3165 248 3230; x_wconf 78' lang='grc'>(1919111111</span> <span class='ocrx_word' id='word_1_202' title='bbox 271 3165 379 3228; x_wconf 89' lang='lat' dir='ltr'>autern</span> <span class='ocrx_word' id='word_1_203' title='bbox 404 3163 472 3228; x_wconf 90' lang='lat' dir='ltr'>eius</span> <span class='ocrx_word' id='word_1_204' title='bbox 496 3163 653 3240; x_wconf 81' lang='lat' dir='ltr'>carminis,</span> <span class='ocrx_word' id='word_1_205' title='bbox 678 3162 761 3244; x_wconf 93' lang='lat' dir='ltr'>quod</span> <span class='ocrx_word' id='word_1_206' title='bbox 784 3181 848 3226; x_wconf 93' lang='lat' dir='ltr'>non</span> <span class='ocrx_word' id='word_1_207' title='bbox 872 3162 912 3226; x_wconf 91' lang='lat' dir='ltr'>ad</span> <span class='ocrx_word' id='word_1_208' title='bbox 941 3181 1089 3228; x_wconf 87' lang='lat' dir='ltr'>verarum</span> <span class='ocrx_word' id='word_1_209' title='bbox 1112 3164 1298 3247; x_wconf 89' lang='lat' dir='ltr'>nuptiarum</span> 
     </span>
     <span class='ocr_line' id='line_1_26' title="bbox 62 3269 1298 3349; baseline 0.001 -14"><span class='ocrx_word' id='word_1_210' title='bbox 62 3290 168 3335; x_wconf 89' lang='lat' dir='ltr'>nsum</span> <span class='ocrx_word' id='word_1_211' title='bbox 204 3288 222 3334; x_wconf 90' lang='lat' dir='ltr'>a</span> <span class='ocrx_word' id='word_1_212' title='bbox 252 3269 380 3334; x_wconf 83' lang='lat' dir='ltr'>Catullo</span> <span class='ocrx_word' id='word_1_213' title='bbox 410 3287 597 3333; x_wconf 85' lang='lat' dir='ltr'>conversum</span> <span class='ocrx_word' id='word_1_214' title='bbox 628 3269 726 3333; x_wconf 88' lang='grc'>111999</span> <span class='ocrx_word' id='word_1_215' title='bbox 756 3269 921 3333; x_wconf 90' lang='lat' dir='ltr'>Baehrens</span> <span class='ocrx_word' id='word_1_216' title='bbox 949 3271 1035 3334; x_wconf 89' lang='lat' dir='ltr'>recte</span> <span class='ocrx_word' id='word_1_217' title='bbox 1065 3270 1298 3349; x_wconf 85' lang='lat' dir='ltr'>animadvert&#39;t,</span> 
     </span>
     <span class='ocr_line' id='line_1_27' title="bbox 59 3374 1297 3460; baseline 0 -18"><span class='ocrx_word' id='word_1_218' title='bbox 59 3377 212 3459; x_wconf 83' lang='lat' dir='ltr'>eleganti</span> <span class='ocrx_word' id='word_1_219' title='bbox 235 3376 351 3440; x_wconf 91' lang='lat' dir='ltr'>iudicio</span> <span class='ocrx_word' id='word_1_220' title='bbox 376 3374 411 3440; x_wconf 92' lang='lat'>0.</span> <span class='ocrx_word' id='word_1_221' title='bbox 435 3376 575 3439; x_wconf 85' lang='lat' dir='ltr'>Ribbeck</span> <span class='ocrx_word' id='word_1_222' title='bbox 597 3376 617 3438; x_wconf 96' lang='lat' dir='ltr'>l.</span> <span class='ocrx_word' id='word_1_223' title='bbox 643 3395 668 3440; x_wconf 87' lang='grc'>9.</span> <span class='ocrx_word' id='word_1_224' title='bbox 690 3395 720 3458; x_wconf 92' lang='lat' dir='ltr'>p.</span> <span class='ocrx_word' id='word_1_225' title='bbox 745 3385 808 3442; x_wconf 80' lang='lat'>327</span> <span class='ocrx_word' id='word_1_226' title='bbox 834 3376 1006 3460; x_wconf 82' lang='lat' dir='ltr'>appellavit</span> <span class='ocrx_word' id='word_1_227' title='bbox 1028 3376 1192 3441; x_wconf 81' lang='grc'>91991919</span> <span class='ocrx_word' id='word_1_228' title='bbox 1213 3378 1297 3460; x_wconf 74' lang='lat' dir='ltr'>pric-</span> 
     </span>
     <span class='ocr_line' id='line_1_28' title="bbox 58 3479 1297 3566; baseline 0 -18"><span class='ocrx_word' id='word_1_229' title='bbox 58 3481 192 3548; x_wconf 77' lang='lat' dir='ltr'>chiecbc</span> <span class='ocrx_word' id='word_1_230' title='bbox 214 3479 336 3558; x_wconf 77' lang='lat' dir='ltr'>Studio,</span> <span class='ocrx_word' id='word_1_231' title='bbox 360 3480 633 3566; x_wconf 71' lang='lat' dir='ltr'>[vorsugswce&#39;ee]</span> <span class='ocrx_word' id='word_1_232' title='bbox 661 3481 745 3545; x_wconf 77' lang='lat' dir='ltr'>uach</span> <span class='ocrx_word' id='word_1_233' title='bbox 774 3482 877 3546; x_wconf 76' lang='lat' dir='ltr'>ciuem</span> <span class='ocrx_word' id='word_1_234' title='bbox 903 3480 1055 3564; x_wconf 74' lang='lat' dir='ltr'>original</span> <span class='ocrx_word' id='word_1_235' title='bbox 1082 3483 1139 3546; x_wconf 83' lang='lat' dir='ltr'>der</span> <span class='ocrx_word' id='word_1_236' title='bbox 1161 3481 1297 3563; x_wconf 77' lang='lat' dir='ltr'>Sappho,</span> 
     </span>
     <span class='ocr_line' id='line_1_29' title="bbox 65 3588 1300 3672; baseline -0.001 -18"><span class='ocrx_word' id='word_1_237' title='bbox 65 3592 125 3672; x_wconf 93' lang='lat' dir='ltr'>qui</span> <span class='ocrx_word' id='word_1_238' title='bbox 149 3590 189 3652; x_wconf 90' lang='lat' dir='ltr'>de</span> <span class='ocrx_word' id='word_1_239' title='bbox 212 3589 354 3653; x_wconf 90' lang='lat' dir='ltr'>oratione</span> <span class='ocrx_word' id='word_1_240' title='bbox 378 3607 504 3670; x_wconf 90' lang='lat' dir='ltr'>quoque</span> <span class='ocrx_word' id='word_1_241' title='bbox 526 3588 644 3654; x_wconf 87' lang='lat' dir='ltr'>ibidem</span> <span class='ocrx_word' id='word_1_242' title='bbox 667 3609 696 3672; x_wconf 90' lang='lat' dir='ltr'>p.</span> <span class='ocrx_word' id='word_1_243' title='bbox 722 3597 784 3654; x_wconf 78' lang='lat'>328</span> <span class='ocrx_word' id='word_1_244' title='bbox 816 3592 889 3671; x_wconf 90' lang='lat' dir='ltr'>apte</span> <span class='ocrx_word' id='word_1_245' title='bbox 912 3589 1067 3654; x_wconf 82' lang='lat' dir='ltr'>iudicavit</span> <span class='ocrx_word' id='word_1_246' title='bbox 1090 3589 1146 3654; x_wconf 77' lang='lat' dir='ltr'>der</span> <span class='ocrx_word' id='word_1_247' title='bbox 1170 3588 1300 3654; x_wconf 72' lang='lat' dir='ltr'>sortist</span> 
     </span>
    </p>
   </div>
   <div class='ocr_carea' id='block_1_5' title="bbox 56 3692 1301 3884">
    <p class='ocr_par' dir='ltr' id='par_1_5' title="bbox 56 3692 1301 3884">
     <span class='ocr_line' id='line_1_30' title="bbox 59 3692 1301 3778; baseline 0.001 -19"><span class='ocrx_word' id='word_1_248' title='bbox 59 3694 199 3777; x_wconf 79' lang='lat' dir='ltr'>einfocb</span> <span class='ocrx_word' id='word_1_249' title='bbox 222 3695 293 3758; x_wconf 77' lang='lat' dir='ltr'>uod</span> <span class='ocrx_word' id='word_1_250' title='bbox 314 3695 409 3760; x_wconf 77' lang='lat' dir='ltr'>nato:</span> <span class='ocrx_word' id='word_1_251' title='bbox 431 3694 523 3758; x_wconf 80' lang='grc'>999199</span> <span class='ocrx_word' id='word_1_252' title='bbox 545 3693 642 3758; x_wconf 78' lang='lat' dir='ltr'>barre</span> <span class='ocrx_word' id='word_1_253' title='bbox 666 3692 865 3777; x_wconf 75' lang='lat' dir='ltr'>Soteplteder</span> <span class='ocrx_word' id='word_1_254' title='bbox 888 3695 1210 3778; x_wconf 74' lang='lat' dir='ltr'>oceiuooderpcrcibt</span> <span class='ocrx_word' id='word_1_255' title='bbox 1231 3695 1301 3760; x_wconf 77' lang='lat' dir='ltr'>wad</span> 
     </span>
     <span class='ocr_line' id='line_1_31' title="bbox 56 3799 1299 3884; baseline 0 -18"><span class='ocrx_word' id='word_1_256' title='bbox 56 3800 376 3884; x_wconf 66' lang='lat' dir='ltr'>papeneberpostellt,</span> <span class='ocrx_word' id='word_1_257' title='bbox 399 3800 546 3866; x_wconf 78' lang='lat' dir='ltr'>sobliehie</span> <span class='ocrx_word' id='word_1_258' title='bbox 571 3799 746 3865; x_wconf 75' lang='lat' dir='ltr'>Gedouken</span> <span class='ocrx_word' id='word_1_259' title='bbox 776 3801 845 3865; x_wconf 75' lang='lat' dir='ltr'>uod</span> <span class='ocrx_word' id='word_1_260' title='bbox 872 3800 1033 3866; x_wconf 77' lang='lat' dir='ltr'>loiadle&#39;cbe</span> <span class='ocrx_word' id='word_1_261' title='bbox 1060 3801 1193 3879; x_wconf 79' lang='lat' dir='ltr'>Bilder,</span> <span class='ocrx_word' id='word_1_262' title='bbox 1223 3801 1299 3866; x_wconf 84' lang='lat' dir='ltr'>aber</span> 
     </span>
    </p>
   </div>
   <div class='ocr_carea' id='block_1_6' title="bbox 61 3907 1301 4310">
    <p class='ocr_par' dir='ltr' id='par_1_6' title="bbox 61 3907 1301 4310">
     <span class='ocr_line' id='line_1_32' title="bbox 65 3907 1298 3991; baseline -0.001 -17"><span class='ocrx_word' id='word_1_263' title='bbox 65 3929 130 3974; x_wconf 80' lang='grc'>9991</span> <span class='ocrx_word' id='word_1_264' title='bbox 154 3907 353 3972; x_wconf 72' lang='grc'>1999919999</span> <span class='ocrx_word' id='word_1_265' title='bbox 382 3907 540 3972; x_wconf 80' lang='lat' dir='ltr'>Klorbeit</span> <span class='ocrx_word' id='word_1_266' title='bbox 568 3908 638 3972; x_wconf 78' lang='grc'>999</span> <span class='ocrx_word' id='word_1_267' title='bbox 664 3907 807 3989; x_wconf 78' lang='lat' dir='ltr'>Schdrfc.</span> <span class='ocrx_word' id='word_1_268' title='bbox 853 3912 959 3990; x_wconf 86' lang='lat' dir='ltr'>Atque</span> <span class='ocrx_word' id='word_1_269' title='bbox 990 3909 1023 3973; x_wconf 94' lang='lat' dir='ltr'>id</span> <span class='ocrx_word' id='word_1_270' title='bbox 1051 3927 1179 3991; x_wconf 80' lang='lat' dir='ltr'>poema,</span> <span class='ocrx_word' id='word_1_271' title='bbox 1209 3909 1298 3973; x_wconf 90' lang='lat' dir='ltr'>ouius</span> 
     </span>
     <span class='ocr_line' id='line_1_33' title="bbox 61 4015 1299 4098; baseline -0.002 -18"><span class='ocrx_word' id='word_1_272' title='bbox 61 4016 241 4080; x_wconf 91' lang='lat' dir='ltr'>consilium</span> <span class='ocrx_word' id='word_1_273' title='bbox 265 4015 298 4078; x_wconf 90' lang='lat' dir='ltr'>in</span> <span class='ocrx_word' id='word_1_274' title='bbox 322 4033 437 4080; x_wconf 88' lang='lat' dir='ltr'>scaena</span> <span class='ocrx_word' id='word_1_275' title='bbox 460 4017 528 4080; x_wconf 88' lang='lat' dir='ltr'>tam</span> <span class='ocrx_word' id='word_1_276' title='bbox 552 4017 689 4096; x_wconf 88' lang='lat' dir='ltr'>angusta</span> <span class='ocrx_word' id='word_1_277' title='bbox 712 4017 744 4079; x_wconf 90' lang='grc'>99</span> <span class='ocrx_word' id='word_1_278' title='bbox 768 4015 890 4079; x_wconf 88' lang='grc'>9991919</span> <span class='ocrx_word' id='word_1_279' title='bbox 906 4018 974 4079; x_wconf 89' lang='lat' dir='ltr'>tam</span> <span class='ocrx_word' id='word_1_280' title='bbox 991 4015 1127 4098; x_wconf 90' lang='lat' dir='ltr'>simplici</span> <span class='ocrx_word' id='word_1_281' title='bbox 1144 4015 1299 4092; x_wconf 87' lang='lat' dir='ltr'>consistit,</span> 
     </span>
     <span class='ocr_line' id='line_1_34' title="bbox 65 4121 1299 4205; baseline -0.002 -19"><span class='ocrx_word' id='word_1_282' title='bbox 65 4123 170 4186; x_wconf 91' lang='lat' dir='ltr'>habet</span> <span class='ocrx_word' id='word_1_283' title='bbox 196 4122 330 4202; x_wconf 88' lang='lat' dir='ltr'>aliquid,</span> <span class='ocrx_word' id='word_1_284' title='bbox 362 4121 446 4202; x_wconf 92' lang='lat' dir='ltr'>quod</span> <span class='ocrx_word' id='word_1_285' title='bbox 470 4122 647 4204; x_wconf 88' lang='lat' dir='ltr'>comparari</span> <span class='ocrx_word' id='word_1_286' title='bbox 669 4122 770 4205; x_wconf 90' lang='lat' dir='ltr'>possit</span> <span class='ocrx_word' id='word_1_287' title='bbox 793 4141 866 4185; x_wconf 89' lang='lat' dir='ltr'>cum</span> <span class='ocrx_word' id='word_1_288' title='bbox 889 4122 944 4186; x_wconf 90' lang='lat' dir='ltr'>illa</span> <span class='ocrx_word' id='word_1_289' title='bbox 969 4121 1171 4186; x_wconf 83' lang='lat' dir='ltr'>Goetheanae</span> <span class='ocrx_word' id='word_1_290' title='bbox 1195 4122 1299 4204; x_wconf 90' lang='lat' dir='ltr'>poesis</span> 
     </span>
     <span class='ocr_line' id='line_1_35' title="bbox 62 4227 1301 4310; baseline -0.003 -16"><span class='ocrx_word' id='word_1_291' title='bbox 62 4228 184 4306; x_wconf 90' lang='lat' dir='ltr'>indole,</span> <span class='ocrx_word' id='word_1_292' title='bbox 210 4246 292 4309; x_wconf 88' lang='lat' dir='ltr'>quae</span> <span class='ocrx_word' id='word_1_293' title='bbox 316 4247 379 4292; x_wconf 91' lang='lat' dir='ltr'>non</span> <span class='ocrx_word' id='word_1_294' title='bbox 403 4228 443 4292; x_wconf 91' lang='lat' dir='ltr'>ad</span> <span class='ocrx_word' id='word_1_295' title='bbox 472 4228 627 4310; x_wconf 84' lang='lat' dir='ltr'>imagines</span> <span class='ocrx_word' id='word_1_296' title='bbox 658 4228 836 4292; x_wconf 90' lang='lat' dir='ltr'>multarum</span> <span class='ocrx_word' id='word_1_297' title='bbox 863 4245 972 4292; x_wconf 89' lang='lat' dir='ltr'>rerum</span> <span class='ocrx_word' id='word_1_298' title='bbox 1002 4227 1212 4308; x_wconf 83' lang='lat' dir='ltr'>effingendas,</span> <span class='ocrx_word' id='word_1_299' title='bbox 1243 4227 1301 4292; x_wconf 87' lang='lat' dir='ltr'>sed</span> 
     </span>
    </p>
   </div>
   <div class='ocr_carea' id='block_1_7' title="bbox 124 4333 1085 4399">
    <p class='ocr_par' dir='ltr' id='par_1_7' title="bbox 124 4333 1085 4399">
     <span class='ocr_line' id='line_1_36' title="bbox 124 4333 1085 4399; baseline -0.007 -7"><span class='ocrx_word' id='word_1_300' title='bbox 124 4350 234 4399; x_wconf 78' lang='lat' dir='ltr'>Weber,</span> <span class='ocrx_word' id='word_1_301' title='bbox 248 4348 551 4398; x_wconf 62' lang='lat' dir='ltr'>Quaesitumuaesitum.</span> <span class='ocrx_word' id='word_1_302' title='bbox 1068 4333 1085 4385; x_wconf 86' lang='grc'><strong>6</strong></span> 
     </span>
    </p>
   </div>
   <div class='ocr_carea' id='block_1_8' title="bbox 0 0 1468 4724">
    <p class='ocr_par' dir='ltr' id='par_1_8' title="bbox 0 0 1468 4724">
     <span class='ocr_line' id='line_1_37' title="bbox 0 0 1468 4724; baseline 0 0"><span class='ocrx_word' id='word_1_303' title='bbox 0 0 1468 4724; x_wconf 95' lang='lat' dir='ltr'> </span> 
     </span>
    </p>
   </div>
  </div>
 </body>
</html>
