2928 4724
50 377 107 440 die
127 376 280 454 roseco,
304 376 409 440 dona
424 377 489 442 die
511 376 701 442 violettca
721 376 844 455 Tb'oe,
868 377 916 442 bis
931 377 1026 442 Licbt
1045 379 1115 442 aad
1127 377 1257 442 Fortes

50 482 205 560 crbscbca,
238 501 299 546 aas
329 483 385 548 der
413 487 537 565 paceo
568 482 788 549 Wieseadccloe
817 483 870 548 eia
899 483 1027 549 leicbter
1055 485 1154 550 Ncbel
1179 485 1257 566 stirp

49 591 109 653 nod
129 590 177 654 die
193 589 315 654 [acceo
335 589 525 671 pemachios
540 589 699 656 demer
720 590 972 655 oerecbwaodoo.
1002 592 1145 656 Eandem
1160 593 1256 656 huius

51 715 131 761 casus
152 698 314 762 notionem
337 697 420 761 iufra
443 699 592 781 usurpari
614 699 718 762 iudico
741 699 775 761 in
797 699 942 763 versibus
968 706 1010 764 20
1034 700 1067 762 et
1091 707 1150 764 26:

237 789 399 882 'Hespero
423 803 497 884 pois
519 801 604 868 caclo
625 804 729 884 festor
752 802 912 868 crudelior
935 803 1044 884 tyois?

50 911 77 972 et

248 1015 400 1096 Hespero,
424 1016 496 1097 puis
518 1015 603 1080 coelo
628 1014 709 1080 lucet
730 1016 897 1080 iocaodior
919 1016 1029 1098 tyois?

48 1123 64 1184 i.
78 1141 101 1185 e.
114 1141 169 1205 per
184 1123 308 1187 caelum
323 1123 467 1186 movetur
490 1123 541 1187 vel
563 1123 656 1188 lucet.
686 1123 799 1206 Ipsum
822 1124 908 1188 enim
930 1143 1102 1206 pronomen
1124 1124 1258 1188 interro-

49 1229 181 1309 gativum
216 1229 289 1310 quis
323 1229 527 1312 subintellegi
561 1230 650 1295 iubet
685 1230 926 1294 multitudinem
961 1231 1141 1309 stellarum,
1176 1249 1257 1313 quae

51 1323 158 1428 ‘caelo’
189 1336 337 1400 feruntur
367 1336 432 1400 sive
462 1337 571 1400 lucent
604 1337 624 1399 i.
647 1355 673 1400 e.
704 1356 761 1419 per
784 1338 909 1402 caelum
932 1339 997 1402 sive
1020 1340 1087 1402 toto
1111 1339 1196 1402 caelo
1220 1337 1258 1401 cf.

49 1439 129 1505 Ouid.
151 1445 226 1509 met.
250 1443 284 1506 H
307 1451 446 1523 illitam:

213 1547 260 1611 Er
281 1549 371 1612 modo
393 1567 518 1612 samma
534 1553 659 1629 petunt,
681 1549 770 1614 neoda
786 1569 849 1630 per
871 1549 987 1614 declive
1008 1551 1141 1632 viasque

214 1653 413 1735 Praecipites
435 1656 541 1736 spatio
564 1661 669 1720 terrae
687 1656 840 1736 propiore
862 1656 1023 1737 feruntur,

47 1761 98 1824 XV
124 1770 204 1827 176:

215 1868 262 1932 Eo
285 1869 437 1950 pacatam
459 1889 573 1951 mapno
595 1869 682 1950 feror
704 1889 839 1952 aequore
856 1869 1017 1951 plenoque
1039 1871 1141 1934 vectis

223 1973 303 2040 Vela
325 1975 407 2054 dadi,

47 2080 132 2164 Verg.
155 2086 233 2147 Aen.
255 2083 302 2146 IX
326 2090 407 2148 664:

213 2187 248 2252 lt
270 2187 388 2252 clamor
410 2189 482 2253 totis
501 2209 562 2271 per
581 2189 826 2270 propupaocula
847 2190 959 2268 moris,

48 2293 88 2358 VI
110 2305 189 2362 603:

486 2401 589 2466 luceat
608 2401 789 2484 partialibus
812 2401 888 2467 altis

214 2507 331 2572 Aureo
351 2507 459 2589 fulera
482 2509 568 2587 toris,

47 2615 108 2693 ubi,
141 2618 180 2680 ut
210 2617 305 2680 verba
341 2615 470 2680 afferam
495 2617 581 2680 scioli
605 2616 772 2680 cuiusdam
795 2617 1037 2698 grammatistae
1068 2635 1106 2679 ex
1127 2634 1259 2680 numero

49 2738 158 2799 eorum,
183 2723 238 2803 qui
264 2723 364 2816 ‘prius
387 2723 531 2786 iudicant
554 2741 652 2804 quam
674 2709 894 2804 intellegunt',
918 2725 1078 2805 exspectes
1105 2722 1259 2817 tgeniales

49 2829 102 2891 tori
134 2830 244 2894 lucent
278 2829 382 2892 aureis
417 2819 553 2892 fulcris'.
601 2821 759 2924 ‘Proprie'
797 2829 949 2892 nimirum
975 2829 1058 2892 hano
1087 2829 1139 2892 vel
1169 2829 1258 2891 illam

49 2936 236 3000 structuram
266 2935 478 2999 adhibendam
506 2935 605 2999 fuisse
635 2936 702 3000 loco
733 2936 800 2999 eius
832 2953 913 3016 quae
947 2953 1056 2998 revera
1092 2934 1259 2998 adhibetur

49 3043 96 3122 qui
119 3044 221 3109 dicere
245 3043 356 3118 solent,
379 3042 475 3106 iidem
499 3045 608 3106 tamen
630 3043 820 3125 plerumque
835 3061 899 3105 non
915 3043 1093 3124 explanant,
1118 3041 1260 3122 quaesit

51 3137 197 3241 ‘propria'
224 3151 271 3212 vis
287 3151 460 3232 usurpatae
485 3152 675 3214 structurae.
722 3148 792 3227 Qua
816 3151 849 3212 iu
876 3168 910 3212 rc
935 3167 972 3212 ea
993 3149 1168 3231 proprietas
1188 3167 1260 3213 oon-

49 3255 142 3332 sistat‚
166 3275 263 3338 supra
285 3257 512 3331 indicavimus;
536 3257 590 3320 ubi
615 3257 698 3320 enirn
714 3256 803 3320 nulla
825 3256 993 3320 intercedit
1014 3257 1151 3319 notionis
1175 3273 1260 3319 oom-

48 3365 147 3428 mmrio
171 3364 236 3428 sive
261 3363 398 3427 affinitas
421 3364 505 3427 inter
527 3364 660 3427 verbum
684 3366 716 3426 et
737 3381 868 3438 nomeu,
897 3363 941 3426 ibi
963 3362 1072 3426 nullus
1102 3366 1151 3426 est
1175 3362 1261 3426 abla-

48 3467 125 3534 tivus
151 3456 382 3567 ‘instrumenti'
416 3470 546 3551 eiusque
576 3470 674 3533 totius
704 3470 844 3551 geuene,
879 3469 963 3550 quod
987 3470 1025 3533 ab
1055 3469 1260 3533 instrumenti

49 3594 154 3656 genere
177 3581 289 3643 natum
313 3577 353 3642 ad
376 3579 481 3642 locum
505 3578 570 3641 sive
594 3578 733 3660 spatium
757 3576 885 3658 aliquod
908 3575 1054 3658 pertinet.

130 3685 287 3764 Quoniam
310 3685 409 3766 igitur
431 3685 483 3748 hio
507 3683 662 3766 Olympus
685 3702 791 3760 moue,
820 3703 885 3747 nou
909 3683 1032 3748 eaelum
1054 3681 1277 3763 intellegitur,-

49 3790 118 3856 item
145 3791 252 3857 Oetaei
280 3791 370 3873 ipoes
398 3793 542 3868 1007,
577 3809 674 3872 quam
708 3791 875 3855 lectionem
905 3789 981 3854 Itali
1009 3789 1259 3854 restituerunte

50 3898 160 3964 vitiosis
196 3901 349 3964 librorum
386 3899 566 3981 scripturis,
601 3898 684 3963 siout
717 3897 751 3960 iu
779 3897 868 3961 libris
899 3897 1085 3961 Tibullianis
1107 3895 1125 3958 Ι
1150 3906 1184 3971 1,
1216 3901 1259 3959 48

50 4004 113 4083 ibor
140 4011 172 4072 et
199 4005 300 4070 insbre
328 4006 406 4069 item
430 4004 560 4069 confusa
590 4004 688 4068 fuisse
711 4004 852 4068 Pleitner
875 4005 895 4066 1.
920 4023 945 4068 0.
967 4023 997 4086 p.
1023 4011 1062 4068 65
1088 4001 1259 4077 adnotavit,

50 4130 105 4176 nou
126 4132 182 4197 per
204 4113 433 4195 metonymiam
456 4111 533 4176 dicti
556 4113 641 4187 suut,
664 4111 720 4175 sed
738 4111 864 4193 propria
888 4129 961 4175 oum
982 4109 1110 4173 notione
1134 4107 1259 4190 abipsa

50 4215 154 4285 Lesbia
176 4220 309 4285 adhibiti
331 4218 429 4284 trisse
452 4217 611 4283 iudicandi
635 4220 719 4282 sunt.
751 4216 838 4295 Quae
863 4217 890 4281 si
912 4215 1093 4282 ThessaHae
1116 4216 1259 4298 regiones
