2934 4742
575 207 735 296 „Q

39 396 189 460 nascitur
210 394 295 458 inter
317 393 406 476 prius
436 393 516 457 illud
546 393 728 457 membrum
758 394 790 456 et
817 393 989 474 insequens
1021 395 1112 488 ‘mibi
1140 395 1271 461 milibus

39 489 220 578 trecentis'‚
244 501 295 565 oui
310 501 469 583 repugnat
488 489 607 595 ‘meisss
632 498 717 580 quod
740 500 804 563 iam
820 499 923 563 inille
945 501 1088 566 membro
1111 502 1271 567 insertum

39 613 98 674 est.
146 609 269 690 Nempe
298 608 346 671 ris
379 624 459 688 quae
484 606 626 671 eiusdem
656 624 811 688 personae
838 607 1016 688 pronomini
1046 595 1152 703 cmibi'
1184 609 1273 674 inse-

39 716 154 796 quenti
177 716 310 797 aposta
332 714 401 796 ipso
425 713 586 790 tribuitur,
609 713 642 776 in
662 713 718 776 illa
735 713 916 778 coniectura
938 714 1065 778 notione
1089 733 1148 780 sua
1171 718 1272 780 caret.

40 821 103 886 Sed
129 821 214 902 quod
240 809 283 915 te'
309 819 343 882 in
366 817 393 883 0
416 820 570 883 omissum
601 821 664 896 est,
693 819 785 884 facile
814 819 963 884 librarius
992 822 1171 886 metrorum
1202 823 1267 888 sive

37 929 212 1009 neglegens
235 927 302 990 sive
324 927 455 1008 ignarus
478 927 559 990 illud
590 913 636 1021 te'
662 927 935 1009 interpretationis
967 927 1018 991 vel
1048 928 1171 1008 glossae
1199 929 1267 994 loco

38 1035 238 1116 adscriptum
255 1051 323 1096 esse
339 1034 429 1096 ratus
446 1034 561 1110 omisit,
576 1035 615 1096 ut
631 1033 781 1115 exemplis
794 1033 1025 1097 demonstravit
1036 1033 1076 1096 Κ.
1088 1033 1123 1099 Ρ.
1133 1033 1272 1100 Schulze

38 1143 71 1205 in
95 1141 220 1204 Herma
245 1147 330 1204 ress
353 1158 383 1221 p.
408 1148 482 1205 aas.

132 1246 289 1326 Quoniam
317 1233 427 1340 ‘meis'
454 1245 542 1309 nullo
572 1244 665 1309 modo
693 1245 845 1308 orationis
876 1246 1006 1308 conexui
1038 1248 1270 1312 accommodari

35 1373 132 1437 posse
156 1354 297 1437 apparet,
320 1352 461 1416 tollenda
485 1354 535 1415 est
557 1353 683 1414 omnino
707 1369 744 1415 ea
766 1351 854 1415 notio
882 1369 919 1415 ex
941 1352 1003 1416 boc
1024 1353 1100 1431 loco,
1125 1354 1208 1435 quod
1231 1354 1274 1418 fit

36 1461 99 1526 hac
123 1459 287 1538 lenissima
310 1457 449 1522 medela:

226 1564 354 1642 Veraci,
378 1563 524 1628 omnibus
546 1563 722 1628 emineas
746 1563 869 1642 umiae,

217 1671 391 1735 Antistaas
413 1669 495 1734 mila
517 1668 648 1734 militas
671 1670 827 1748 trecentis

225 1777 451 1842 Venistine..

35 1887 126 1952 Nam
152 1872 320 1981 ‘eminere'
354 1884 496 1950 construi
525 1884 600 1949 licet
629 1902 703 1948 oum
736 1883 873 1947 ablativo
906 1882 943 1947 cf.
970 1884 1103 1948 Kirhoer
1132 1886 1152 1949 l.
1181 1903 1205 1949 c.
1233 1885 1269 1950 H

34 2013 66 2076 p.
92 2001 168 2069 267,
191 1993 246 2056 ubi
269 1990 400 2055 affertur
422 1991 541 2055 Lucan.
564 1990 598 2054 H
622 1999 685 2055 266
696 2008 742 2070 sq.
774 1989 847 2072 (cr)
870 1987 1109 2054 collacteam
1132 2011 1274 2072 aequore

35 2119 136 2180 rupes
157 2097 326 2162 maluerant.
373 2097 568 2180 Corruptum
591 2098 700 2160 autem
723 2095 785 2160 fuit
807 2095 839 2159 id
863 2096 1053 2160 vocabulum
1083 2099 1274 2181 compendio

37 2207 226 2289 scripturae,
249 2207 320 2269 tum
343 2204 504 2268 distractis
521 2203 651 2286 syllabis
679 2222 711 2294 ‘e
727 2191 831 2280 mres,
853 2221 931 2267 nam
946 2204 1073 2268 litterae
1093 2193 1132 2300 ti'
1159 2207 1191 2270 et
1217 2195 1265 2300 ‘e'

36 2312 224 2396 saepissime
247 2312 331 2375 inter
355 2329 388 2375 se
411 2312 555 2374 mutatae
580 2313 663 2374 sunt.
708 2309 884 2374 Veranium
906 2311 1006 2392 igitur
1028 2312 1168 2394 primum
1191 2312 1275 2377 dicit.

37 2420 188 2486 Catullus
219 2419 414 2482 eminentem
449 2417 595 2482 omnibus
627 2417 752 2494 amicis,
782 2419 838 2498 qui
868 2418 993 2499 quidem
1027 2419 1074 2482 ita
1104 2421 1274 2498 vocanturp

35 2530 110 2591 tum
135 2543 210 2590 eum
233 2525 288 2606 qui
311 2524 371 2589 sibi
395 2524 523 2605 quidem
545 2524 646 2607 pluris
670 2524 713 2586 sit
737 2541 834 2604 quam
858 2525 885 2587 si
908 2526 1052 2589 trecenta
1076 2525 1165 2590 milia
1189 2526 1275 2590 ami-

36 2651 153 2698 corum
175 2633 314 2696 haberet.
1174 2653 1178 2660 ·

128 2845 168 2908 In
191 2862 284 2908 versu
308 2851 327 2909 5

390 2949 522 3015 Venisti.
546 2968 563 3013 o
585 2948 665 3013 mihi
687 2950 813 3014 ammio
837 2950 920 3014 beate

35 3058 120 3123 illud
148 3046 193 3153 ‘o'
220 3076 293 3123 oum
324 3057 470 3140 genetivo
500 3057 736 3121 exclamationis
766 3057 908 3121 construi
936 3057 979 3121 Μ.
1002 3057 1114 3141 Haupt
1145 3058 1275 3140 erengi·-

36 3166 131 3242 tavit,
153 3165 300 3248 probavit
321 3165 433 3247 postea
454 3163 639 3227 Lachmann
664 3164 703 3227 ad
723 3163 815 3229 Luor.
830 3183 860 3246 p.
878 3171 952 3242 326,
976 3164 1117 3228 stabilire
1134 3165 1269 3228 conatus
1389 3151 1391 3156 ’

37 3275 89 3338 est
111 3271 269 3336 Buchelcr
291 3289 404 3352 graeco
427 3289 490 3335 usu
513 3271 693 3353 comparato
717 3269 744 3333 a
767 3279 824 3334 τοῦ
853 3265 1046 3354 εὐαγγελίου.
1095 3270 1158 3335 Sed
1183 3271 1269 3352 quod

36 3382 126 3444 recte
150 3378 247 3442 edixit
271 3376 307 3442 Ο.
331 3377 490 3441 Riemann
511 3379 645 3458 sacrm
668 3375 787 3440 Laetae
812 3384 896 3442 1886
921 3378 996 3458 §61
1022 3397 1052 3460 p.
1070 3385 1110 3443 99
1135 3377 1164 3441 le
1179 3367 1269 3458 peni·

36 3485 86 3565 a's
103 3481 298 3563 eaclomotc'f,
320 3483 351 3546 sc'
374 3501 519 3547 comeum
542 3501 581 3546 ea
603 3501 675 3565 pree
694 3501 780 3562 poree
801 3501 953 3565 marquer
984 3482 1018 3546 lo
1041 3503 1136 3548 cause
1166 3483 1204 3548 de
1226 3482 1275 3548 tei

36 3610 79 3655 oo
103 3589 145 3654 tel
170 3593 365 3654 mowoemeat
393 3589 431 3652 de
461 3587 553 3653 tame
580 3589 637 3671 qai
668 3609 701 3653 se
730 3589 858 3654 maduit
878 3609 947 3670 por
975 3609 1040 3654 uae
1068 3589 1275 3672 e'aterjeeta'oa⁴

37 3698 126 3785 (φεῦ,
149 3706 208 3762 τοῦ
230 3694 376 3782 ἀνδρός),
395 3715 463 3776 por
484 3714 548 3759 uae
578 3695 765 3775 apostrophe
796 3715 864 3759 oue
892 3695 1006 3760 Dicae
1036 3691 1075 3780 (ὦ
1098 3695 1274 3778 Πόσειδον,

37 3804 151 3870 δεινῶν
174 3802 297 3888 λόγων),
320 3807 383 3881 etc,
406 3821 445 3866 ne
467 3820 500 3866 se
522 3805 685 3867 reuocatae
702 3820 790 3882 pour
813 3802 902 3866 otest
925 3801 996 3866 dire
1012 3819 1078 3883 pos
1107 3821 1146 3866 ea
1174 3801 1271 3880 lotia.

37 3911 71 3975 id
94 3911 128 3974 in
152 3910 316 3976 Catullum
339 3912 466 3994 poetam
489 3929 563 3974 vere
579 3910 760 3974 Romanum
782 3910 938 3993 imprimis
969 3910 1064 3974 eadit.
1109 3909 1274 3974 Paucissi-

37 4035 109 4082 mos
126 4035 179 4082 eos
195 4017 289 4094 locos,
313 4018 428 4099 quibus
444 4018 471 4080 is
489 4017 653 4098 genetivus
670 4017 907 4081 exclamationis
930 4017 1044 4093 exstat,
1066 4016 1166 4082 habes
1182 4015 1268 4098 apud

38 4123 229 4188 Lorenzium
260 4123 300 4189 ad
323 4123 433 4188 Plauti
459 4123 554 4188 Most.
583 4143 611 4188 v.
642 4131 705 4188 912
736 4123 774 4188 el.
805 4123 939 4186 Kihner
968 4122 989 4185 l.
1021 4141 1047 4186 c.
1074 4121 1107 4185 H
1134 4141 1164 4204 p.
1194 4129 1273 4187 305„

40 4229 147 4295 Semel
169 4231 298 4294 tantum
321 4230 406 4313 apud
428 4229 595 4296 Lucanum
617 4230 652 4294 H
674 4237 716 4296 45
741 4247 759 4293 o
780 4229 918 4293 miserae
939 4227 1035 4292 scats
1060 4215 1107 4324 to‘
1134 4247 1207 4292 cum
1231 4245 1273 4291 eo
