<?xml version="1.0" encoding="UTF-8"?>
<!DOCTYPE html PUBLIC "-//W3C//DTD XHTML 1.0 Transitional//EN"
    "http://www.w3.org/TR/xhtml1/DTD/xhtml1-transitional.dtd">
<html xmlns="http://www.w3.org/1999/xhtml" xml:lang="en" lang="en">
 <head>
  <title>
</title>
<meta http-equiv="Content-Type" content="text/html;charset=utf-8" />
  <meta name='ocr-system' content='tesseract 3.04.00' />
  <meta name='ocr-capabilities' content='ocr_page ocr_carea ocr_par ocr_line ocrx_word'/>
</head>
<body>
  <div class='ocr_page' id='page_1' title='image "./quaestonescatul00webegoog_0040.png"; bbox 0 0 2928 4724; ppageno 0'>
   <div class='ocr_carea' id='block_1_1' title="bbox 561 183 825 275">
    <p class='ocr_par' dir='ltr' id='par_1_1' title="bbox 561 183 825 275">
     <span class='ocr_line' id='line_1_1' title="bbox 561 183 825 275; baseline 0 -56"><span class='ocrx_word' id='word_1_1' title='bbox 561 183 718 275; x_wconf 43' lang='grc' dir='ltr'>*ἓξ-</span> <span class='ocrx_word' id='word_1_2' title='bbox 822 209 825 219; x_wconf 88' lang='grc'>.</span> 
     </span>
    </p>
   </div>
   <div class='ocr_carea' id='block_1_2' title="bbox 45 356 1257 891">
    <p class='ocr_par' dir='ltr' id='par_1_2' title="bbox 45 356 1257 771">
     <span class='ocr_line' id='line_1_2' title="bbox 46 356 1257 465; baseline 0.002 -33"><span class='ocrx_word' id='word_1_3' title='bbox 46 369 111 433; x_wconf 91' lang='lat' dir='ltr'>dum</span> <span class='ocrx_word' id='word_1_4' title='bbox 144 369 191 433; x_wconf 87' lang='lat' dir='ltr'>illi</span> <span class='ocrx_word' id='word_1_5' title='bbox 223 356 348 465; x_wconf 47' lang='lat' dir='ltr'>‘quom‘</span> <span class='ocrx_word' id='word_1_6' title='bbox 385 369 437 433; x_wconf 87' lang='lat' dir='ltr'>hio</span> <span class='ocrx_word' id='word_1_7' title='bbox 476 371 564 434; x_wconf 91' lang='lat' dir='ltr'>nullo</span> <span class='ocrx_word' id='word_1_8' title='bbox 600 370 692 434; x_wconf 90' lang='lat' dir='ltr'>modo</span> <span class='ocrx_word' id='word_1_9' title='bbox 722 371 835 453; x_wconf 90' lang='lat' dir='ltr'>aptum</span> <span class='ocrx_word' id='word_1_10' title='bbox 871 388 939 434; x_wconf 89' lang='lat' dir='ltr'>esse</span> <span class='ocrx_word' id='word_1_11' title='bbox 968 368 1089 444; x_wconf 88' lang='lat' dir='ltr'>iudieo;</span> <span class='ocrx_word' id='word_1_12' title='bbox 1124 369 1179 434; x_wconf 88' lang='lat' dir='ltr'>ssd</span> <span class='ocrx_word' id='word_1_13' title='bbox 1213 369 1257 434; x_wconf 87' lang='lat' dir='ltr'>do</span> 
     </span>
     <span class='ocr_line' id='line_1_3' title="bbox 46 475 1257 559; baseline -0.002 -20"><span class='ocrx_word' id='word_1_14' title='bbox 46 476 102 539; x_wconf 88' lang='lat' dir='ltr'>eius</span> <span class='ocrx_word' id='word_1_15' title='bbox 135 475 364 541; x_wconf 88' lang='lat' dir='ltr'>ooniunetionis</span> <span class='ocrx_word' id='word_1_16' title='bbox 398 476 524 540; x_wconf 92' lang='lat' dir='ltr'>notione</span> <span class='ocrx_word' id='word_1_17' title='bbox 566 477 598 540; x_wconf 89' lang='lat' dir='ltr'>et</span> <span class='ocrx_word' id='word_1_18' title='bbox 639 476 871 540; x_wconf 73' lang='lat' dir='ltr'>construetione</span> <span class='ocrx_word' id='word_1_19' title='bbox 912 477 1036 559; x_wconf 86' lang='lat' dir='ltr'><strong>plenius</strong></span> <span class='ocrx_word' id='word_1_20' title='bbox 1078 475 1257 540; x_wconf 87' lang='lat' dir='ltr'>disserendi.</span> 
     </span>
     <span class='ocr_line' id='line_1_4' title="bbox 45 582 1257 666; baseline 0 -20"><span class='ocrx_word' id='word_1_21' title='bbox 45 583 139 646; x_wconf 91' lang='lat' dir='ltr'>nullus</span> <span class='ocrx_word' id='word_1_22' title='bbox 167 584 217 646; x_wconf 89' lang='lat' dir='ltr'>est</span> <span class='ocrx_word' id='word_1_23' title='bbox 245 583 279 646; x_wconf 90' lang='lat' dir='ltr'>in</span> <span class='ocrx_word' id='word_1_24' title='bbox 308 582 368 646; x_wconf 88' lang='lat' dir='ltr'>hae</span> <span class='ocrx_word' id='word_1_25' title='bbox 398 583 583 664; x_wconf 81' lang='lat' dir='ltr'>quaestione</span> <span class='ocrx_word' id='word_1_26' title='bbox 613 583 718 657; x_wconf 88' lang='lat' dir='ltr'>loons;</span> <span class='ocrx_word' id='word_1_27' title='bbox 751 583 905 647; x_wconf 88' lang='lat' dir='ltr'>nonnulla</span> <span class='ocrx_word' id='word_1_28' title='bbox 927 582 1010 647; x_wconf 86' lang='lat' dir='ltr'>infra</span> <span class='ocrx_word' id='word_1_29' title='bbox 1032 601 1257 666; x_wconf 70' lang='lat' dir='ltr'>proponemus,</span> 
     </span>
     <span class='ocr_line' id='line_1_5' title="bbox 47 688 750 771; baseline 0 -19"><span class='ocrx_word' id='word_1_30' title='bbox 47 689 185 771; x_wconf 88' lang='lat' dir='ltr'>ampliora</span> <span class='ocrx_word' id='word_1_31' title='bbox 208 689 363 770; x_wconf 85' lang='lat' dir='ltr'>singulari</span> <span class='ocrx_word' id='word_1_32' title='bbox 384 688 613 754; x_wconf 81' lang='lat' dir='ltr'>destinavimus</span> <span class='ocrx_word' id='word_1_33' title='bbox 636 689 750 754; x_wconf 82' lang='lat' dir='ltr'>libello.</span> 
     </span>
    </p>

    <p class='ocr_par' dir='ltr' id='par_1_3' title="bbox 121 783 1257 891">
     <span class='ocr_line' id='line_1_6' title="bbox 121 783 1257 891; baseline 0.001 -31"><span class='ocrx_word' id='word_1_34' title='bbox 121 794 236 860; x_wconf 90' lang='lat' dir='ltr'>Omitti</span> <span class='ocrx_word' id='word_1_35' title='bbox 271 796 352 859; x_wconf 91' lang='lat' dir='ltr'>solet</span> <span class='ocrx_word' id='word_1_36' title='bbox 385 795 419 858; x_wconf 90' lang='lat' dir='ltr'>in</span> <span class='ocrx_word' id='word_1_37' title='bbox 456 813 493 860; x_wconf 88' lang='lat' dir='ltr'>ea</span> <span class='ocrx_word' id='word_1_38' title='bbox 526 795 663 860; x_wconf 89' lang='lat' dir='ltr'>formula</span> <span class='ocrx_word' id='word_1_39' title='bbox 699 814 774 891; x_wconf 68' lang='lat' dir='ltr'>cnee</span> <span class='ocrx_word' id='word_1_40' title='bbox 801 783 932 860; x_wconf 85' lang='lat' dir='ltr'>mirum’</span> <span class='ocrx_word' id='word_1_41' title='bbox 964 796 1097 860; x_wconf 85' lang='lat' dir='ltr'>verbum</span> <span class='ocrx_word' id='word_1_42' title='bbox 1125 801 1184 874; x_wconf 86' lang='lat' dir='ltr'>est,</span> <span class='ocrx_word' id='word_1_43' title='bbox 1214 796 1257 861; x_wconf 92' lang='lat' dir='ltr'>de</span> 
     </span>
    </p>
   </div>
   <div class='ocr_carea' id='block_1_3' title="bbox 46 900 1258 1411">
    <p class='ocr_par' dir='ltr' id='par_1_4' title="bbox 46 900 1258 1411">
     <span class='ocr_line' id='line_1_7' title="bbox 48 900 1256 985; baseline 0.002 -21"><span class='ocrx_word' id='word_1_44' title='bbox 48 919 97 981; x_wconf 88' lang='lat' dir='ltr'>quo</span> <span class='ocrx_word' id='word_1_45' title='bbox 125 920 187 965; x_wconf 91' lang='lat' dir='ltr'>usu</span> <span class='ocrx_word' id='word_1_46' title='bbox 223 900 294 966; x_wconf 87' lang='lat' dir='ltr'>vide</span> <span class='ocrx_word' id='word_1_47' title='bbox 323 901 489 966; x_wconf 89' lang='lat' dir='ltr'>Ritsohelii</span> <span class='ocrx_word' id='word_1_48' title='bbox 524 902 754 985; x_wconf 78' lang='lat' dir='ltr'>disputationes</span> <span class='ocrx_word' id='word_1_49' title='bbox 790 920 809 967; x_wconf 89' lang='lat' dir='ltr'>a</span> <span class='ocrx_word' id='word_1_50' title='bbox 837 902 1030 967; x_wconf 89' lang='lat' dir='ltr'>Baehrensio</span> <span class='ocrx_word' id='word_1_51' title='bbox 1065 903 1100 966; x_wconf 92' lang='lat' dir='ltr'>in</span> <span class='ocrx_word' id='word_1_52' title='bbox 1135 903 1256 985; x_wconf 89' lang='lat' dir='ltr'>proleg.</span> 
     </span>
     <span class='ocr_line' id='line_1_8' title="bbox 46 1007 1255 1100; baseline 0.003 -30"><span class='ocrx_word' id='word_1_53' title='bbox 46 1026 69 1088; x_wconf 92' lang='lat' dir='ltr'>p.</span> <span class='ocrx_word' id='word_1_54' title='bbox 89 1015 126 1073; x_wconf 83' lang='grc'>49</span> <span class='ocrx_word' id='word_1_55' title='bbox 156 1009 272 1073; x_wconf 85' lang='lat' dir='ltr'>allatas</span> <span class='ocrx_word' id='word_1_56' title='bbox 302 1010 334 1072; x_wconf 89' lang='lat' dir='ltr'>et</span> <span class='ocrx_word' id='word_1_57' title='bbox 362 1007 603 1100; x_wconf 82' lang='lat' dir='ltr'>Laohmannum</span> <span class='ocrx_word' id='word_1_58' title='bbox 633 1008 672 1072; x_wconf 88' lang='lat' dir='ltr'>ad</span> <span class='ocrx_word' id='word_1_59' title='bbox 702 1008 828 1073; x_wconf 84' lang='lat' dir='ltr'>Lueret.</span> <span class='ocrx_word' id='word_1_60' title='bbox 863 1028 893 1092; x_wconf 93' lang='lat' dir='ltr'>p.</span> <span class='ocrx_word' id='word_1_61' title='bbox 925 1016 998 1074; x_wconf 85' lang='lat'><strong>313.</strong></span> <span class='ocrx_word' id='word_1_62' title='bbox 1045 1008 1190 1074; x_wconf 80' lang='lat' dir='ltr'>Catullus</span> <span class='ocrx_word' id='word_1_63' title='bbox 1220 1009 1255 1074; x_wconf 88' lang='lat' dir='ltr'>in</span> 
     </span>
     <span class='ocr_line' id='line_1_9' title="bbox 48 1103 1258 1211; baseline 0 -33"><span class='ocrx_word' id='word_1_64' title='bbox 48 1114 225 1194; x_wconf 88' lang='lat' dir='ltr'>quibusdam</span> <span class='ocrx_word' id='word_1_65' title='bbox 265 1117 393 1179; x_wconf 90' lang='lat' dir='ltr'>tantum</span> <span class='ocrx_word' id='word_1_66' title='bbox 433 1116 644 1180; x_wconf 74' lang='lat' dir='ltr'>locutionibus</span> <span class='ocrx_word' id='word_1_67' title='bbox 682 1115 762 1179; x_wconf 90' lang='lat' dir='ltr'>illud</span> <span class='ocrx_word' id='word_1_68' title='bbox 803 1103 884 1211; x_wconf 42' lang='lat' dir='ltr'>‘est’</span> <span class='ocrx_word' id='word_1_69' title='bbox 926 1115 1032 1180; x_wconf 89' lang='lat' dir='ltr'>omisit</span> <span class='ocrx_word' id='word_1_70' title='bbox 1072 1114 1110 1179; x_wconf 83' lang='lat' dir='ltr'>ef.</span> <span class='ocrx_word' id='word_1_71' title='bbox 1144 1115 1184 1180; x_wconf 91' lang='grc' dir='ltr'>Κ.</span> <span class='ocrx_word' id='word_1_72' title='bbox 1217 1115 1258 1178; x_wconf 82' lang='lat' dir='ltr'>P.</span> 
     </span>
     <span class='ocr_line' id='line_1_10' title="bbox 48 1218 1254 1304; baseline 0.001 -21"><span class='ocrx_word' id='word_1_73' title='bbox 48 1218 180 1298; x_wconf 82' lang='lat' dir='ltr'>Sohulae,</span> <span class='ocrx_word' id='word_1_74' title='bbox 210 1219 361 1286; x_wconf 79' lang='lat' dir='ltr'>Zeitsetr.</span> <span class='ocrx_word' id='word_1_75' title='bbox 391 1221 415 1302; x_wconf 83' lang='lat' dir='ltr'>f.</span> <span class='ocrx_word' id='word_1_76' title='bbox 446 1220 475 1285; x_wconf 88' lang='lat' dir='ltr'>d.</span> <span class='ocrx_word' id='word_1_77' title='bbox 501 1219 797 1304; x_wconf 75' lang='lat' dir='ltr'>Gymnosialwesea</span> <span class='ocrx_word' id='word_1_78' title='bbox 828 1231 910 1288; x_wconf 79' lang='grc'><strong>1877</strong></span> <span class='ocrx_word' id='word_1_79' title='bbox 940 1241 969 1304; x_wconf 90' lang='lat' dir='ltr'>p.</span> <span class='ocrx_word' id='word_1_80' title='bbox 1000 1229 1078 1298; x_wconf 80' lang='grc'>697,</span> <span class='ocrx_word' id='word_1_81' title='bbox 1107 1222 1197 1286; x_wconf 81' lang='lat' dir='ltr'>velut</span> <span class='ocrx_word' id='word_1_82' title='bbox 1219 1221 1254 1284; x_wconf 92' lang='lat' dir='ltr'>in</span> 
     </span>
     <span class='ocr_line' id='line_1_11' title="bbox 48 1327 1200 1411; baseline 0.003 -23"><span class='ocrx_word' id='word_1_83' title='bbox 48 1346 69 1388; x_wconf 83' lang='lat' dir='ltr'>r.</span> <span class='ocrx_word' id='word_1_84' title='bbox 90 1335 106 1392; x_wconf 86' lang='lat'><strong>3</strong></span> <span class='ocrx_word' id='word_1_85' title='bbox 129 1327 206 1392; x_wconf 87' lang='lat' dir='ltr'>dieit</span> <span class='ocrx_word' id='word_1_86' title='bbox 228 1347 357 1409; x_wconf 78' lang='lat' dir='ltr'>surpere</span> <span class='ocrx_word' id='word_1_87' title='bbox 378 1328 446 1392; x_wconf 85' lang='lat' dir='ltr'>ium</span> <span class='ocrx_word' id='word_1_88' title='bbox 469 1332 601 1408; x_wconf 79' lang='lat' dir='ltr'>tempas,</span> <span class='ocrx_word' id='word_1_89' title='bbox 623 1328 661 1393; x_wconf 93' lang='lat' dir='ltr'>de</span> <span class='ocrx_word' id='word_1_90' title='bbox 687 1347 748 1410; x_wconf 91' lang='lat' dir='ltr'>quo</span> <span class='ocrx_word' id='word_1_91' title='bbox 771 1329 838 1393; x_wconf 86' lang='lat' dir='ltr'>loeo</span> <span class='ocrx_word' id='word_1_92' title='bbox 861 1329 994 1411; x_wconf 86' lang='lat' dir='ltr'>posthae</span> <span class='ocrx_word' id='word_1_93' title='bbox 1017 1327 1200 1392; x_wconf 87' lang='lat' dir='ltr'>disseretur.</span> 
     </span>
    </p>
   </div>
   <div class='ocr_carea' id='block_1_4' title="bbox 46 1538 1258 4276">
    <p class='ocr_par' dir='ltr' id='par_1_5' title="bbox 47 1538 1258 2154">
     <span class='ocr_line' id='line_1_12' title="bbox 123 1538 1257 1625; baseline 0.002 -21"><span class='ocrx_word' id='word_1_94' title='bbox 123 1538 190 1604; x_wconf 86' lang='lat' dir='ltr'>Nos</span> <span class='ocrx_word' id='word_1_95' title='bbox 221 1577 262 1590; x_wconf 92' lang='lat'><em>-</em></span> <span class='ocrx_word' id='word_1_96' title='bbox 292 1542 338 1606; x_wconf 86' lang='lat' dir='ltr'>ita</span> <span class='ocrx_word' id='word_1_97' title='bbox 375 1559 449 1607; x_wconf 88' lang='lat' dir='ltr'>oum</span> <span class='ocrx_word' id='word_1_98' title='bbox 483 1542 590 1623; x_wconf 91' lang='lat' dir='ltr'>aliqua</span> <span class='ocrx_word' id='word_1_99' title='bbox 624 1539 819 1624; x_wconf 90' lang='lat' dir='ltr'>oppositione</span> <span class='ocrx_word' id='word_1_100' title='bbox 848 1559 934 1606; x_wconf 91' lang='lat' dir='ltr'>nune</span> <span class='ocrx_word' id='word_1_101' title='bbox 967 1543 1040 1623; x_wconf 89' lang='lat' dir='ltr'>post</span> <span class='ocrx_word' id='word_1_102' title='bbox 1072 1542 1257 1625; x_wconf 87' lang='lat' dir='ltr'>puellarum</span> 
     </span>
     <span class='ocr_line' id='line_1_13' title="bbox 50 1643 1257 1731; baseline 0.004 -23"><span class='ocrx_word' id='word_1_103' title='bbox 50 1647 209 1711; x_wconf 82' lang='lat' dir='ltr'>orationem</span> <span class='ocrx_word' id='word_1_104' title='bbox 233 1643 372 1731; x_wconf 86' lang='lat' dir='ltr'>appellat</span> <span class='ocrx_word' id='word_1_105' title='bbox 396 1667 469 1713; x_wconf 90' lang='lat' dir='ltr'>suos</span> <span class='ocrx_word' id='word_1_106' title='bbox 493 1649 616 1712; x_wconf 87' lang='lat' dir='ltr'>sodales</span> <span class='ocrx_word' id='word_1_107' title='bbox 640 1666 723 1712; x_wconf 90' lang='lat' dir='ltr'>unus</span> <span class='ocrx_word' id='word_1_108' title='bbox 747 1667 764 1712; x_wconf 92' lang='lat' dir='ltr'>e</span> <span class='ocrx_word' id='word_1_109' title='bbox 787 1648 952 1712; x_wconf 86' lang='lat' dir='ltr'>iuvenibus</span> <span class='ocrx_word' id='word_1_110' title='bbox 975 1649 1008 1711; x_wconf 93' lang='lat' dir='ltr'>in</span> <span class='ocrx_word' id='word_1_111' title='bbox 1031 1667 1127 1712; x_wconf 85' lang='lat' dir='ltr'>versu</span> <span class='ocrx_word' id='word_1_112' title='bbox 1152 1653 1192 1713; x_wconf 80' lang='lat'>15</span> <span class='ocrx_word' id='word_1_113' title='bbox 1210 1683 1257 1696; x_wconf 88' lang='lat'>·-</span> 
     </span>
     <span class='ocr_line' id='line_1_14' title="bbox 47 1751 1258 1832; baseline 0.003 -18"><span class='ocrx_word' id='word_1_114' title='bbox 47 1751 242 1818; x_wconf 89' lang='lat' dir='ltr'>intentionem</span> <span class='ocrx_word' id='word_1_115' title='bbox 272 1752 441 1818; x_wconf 74' lang='lat' dir='ltr'>divisimus</span> <span class='ocrx_word' id='word_1_116' title='bbox 470 1756 628 1832; x_wconf 89' lang='lat' dir='ltr'>nostram,</span> <span class='ocrx_word' id='word_1_117' title='bbox 658 1754 754 1818; x_wconf 90' lang='lat' dir='ltr'>simul</span> <span class='ocrx_word' id='word_1_118' title='bbox 783 1754 868 1819; x_wconf 92' lang='lat' dir='ltr'>enim</span> <span class='ocrx_word' id='word_1_119' title='bbox 895 1756 1018 1820; x_wconf 87' lang='lat' dir='ltr'>mentes</span> <span class='ocrx_word' id='word_1_120' title='bbox 1047 1755 1174 1818; x_wconf 87' lang='lat' dir='ltr'>nostroe</span> <span class='ocrx_word' id='word_1_121' title='bbox 1204 1773 1258 1818; x_wconf 91' lang='lat' dir='ltr'>oe·</span> 
     </span>
     <span class='ocr_line' id='line_1_15' title="bbox 49 1859 1255 1941; baseline 0.002 -20"><span class='ocrx_word' id='word_1_122' title='bbox 49 1861 192 1941; x_wconf 85' lang='lat' dir='ltr'>oupantur</span> <span class='ocrx_word' id='word_1_123' title='bbox 214 1861 249 1922; x_wconf 90' lang='lat' dir='ltr'>in</span> <span class='ocrx_word' id='word_1_124' title='bbox 272 1860 342 1924; x_wconf 89' lang='lat' dir='ltr'>aliis</span> <span class='ocrx_word' id='word_1_125' title='bbox 366 1861 459 1925; x_wconf 88' lang='lat' dir='ltr'>rebus</span> <span class='ocrx_word' id='word_1_126' title='bbox 482 1861 502 1924; x_wconf 88' lang='lat' dir='ltr'>i.</span> <span class='ocrx_word' id='word_1_127' title='bbox 525 1879 551 1924; x_wconf 91' lang='lat' dir='ltr'>e.</span> <span class='ocrx_word' id='word_1_128' title='bbox 573 1862 608 1924; x_wconf 93' lang='lat' dir='ltr'>in</span> <span class='ocrx_word' id='word_1_129' title='bbox 639 1860 677 1924; x_wconf 92' lang='lat' dir='ltr'>iis</span> <span class='ocrx_word' id='word_1_130' title='bbox 710 1878 791 1941; x_wconf 88' lang='lat' dir='ltr'>quae</span> <span class='ocrx_word' id='word_1_131' title='bbox 821 1859 936 1924; x_wconf 82' lang='lat' dir='ltr'>dicturi</span> <span class='ocrx_word' id='word_1_132' title='bbox 966 1879 1092 1937; x_wconf 89' lang='lat' dir='ltr'>sumus,</span> <span class='ocrx_word' id='word_1_133' title='bbox 1120 1861 1153 1924; x_wconf 92' lang='lat' dir='ltr'>in</span> <span class='ocrx_word' id='word_1_134' title='bbox 1183 1861 1255 1924; x_wconf 86' lang='lat' dir='ltr'>aliis</span> 
     </span>
     <span class='ocr_line' id='line_1_16' title="bbox 47 1966 1258 2049; baseline 0.004 -23"><span class='ocrx_word' id='word_1_135' title='bbox 47 1968 160 2031; x_wconf 88' lang='lat' dir='ltr'>nostrae</span> <span class='ocrx_word' id='word_1_136' title='bbox 185 1985 277 2030; x_wconf 89' lang='lat' dir='ltr'>aures</span> <span class='ocrx_word' id='word_1_137' title='bbox 300 1967 320 2029; x_wconf 89' lang='lat' dir='ltr'>i.</span> <span class='ocrx_word' id='word_1_138' title='bbox 344 1984 369 2030; x_wconf 89' lang='lat' dir='ltr'>e.</span> <span class='ocrx_word' id='word_1_139' title='bbox 392 1967 426 2031; x_wconf 93' lang='lat' dir='ltr'>in</span> <span class='ocrx_word' id='word_1_140' title='bbox 448 1967 487 2030; x_wconf 90' lang='lat' dir='ltr'>iis</span> <span class='ocrx_word' id='word_1_141' title='bbox 511 1966 686 2044; x_wconf 87' lang='lat' dir='ltr'>audiendis,</span> <span class='ocrx_word' id='word_1_142' title='bbox 710 1984 791 2047; x_wconf 88' lang='lat' dir='ltr'>quae</span> <span class='ocrx_word' id='word_1_143' title='bbox 814 1967 939 2049; x_wconf 88' lang='lat' dir='ltr'>puellae</span> <span class='ocrx_word' id='word_1_144' title='bbox 963 1967 1109 2045; x_wconf 84' lang='lat' dir='ltr'>oantant,</span> <span class='ocrx_word' id='word_1_145' title='bbox 1139 1968 1186 2044; x_wconf 90' lang='lat' dir='ltr'>et,</span> <span class='ocrx_word' id='word_1_146' title='bbox 1215 1969 1258 2031; x_wconf 92' lang='lat' dir='ltr'>ut</span> 
     </span>
     <span class='ocr_line' id='line_1_17' title="bbox 49 2069 969 2154; baseline 0.001 -19"><span class='ocrx_word' id='word_1_147' title='bbox 49 2069 189 2136; x_wconf 83' lang='lat' dir='ltr'>Ovidiana</span> <span class='ocrx_word' id='word_1_148' title='bbox 212 2073 348 2137; x_wconf 89' lang='lat' dir='ltr'>diotione</span> <span class='ocrx_word' id='word_1_149' title='bbox 371 2075 453 2149; x_wconf 86' lang='lat' dir='ltr'>utar,</span> <span class='ocrx_word' id='word_1_150' title='bbox 475 2075 637 2138; x_wconf 88' lang='lat' dir='ltr'>momenta</span> <span class='ocrx_word' id='word_1_151' title='bbox 660 2075 793 2138; x_wconf 88' lang='lat' dir='ltr'>sumunt</span> <span class='ocrx_word' id='word_1_152' title='bbox 815 2075 969 2154; x_wconf 92' lang='lat' dir='ltr'>utroque:</span> 
     </span>
    </p>

    <p class='ocr_par' dir='ltr' id='par_1_6' title="bbox 46 2178 1258 2798">
     <span class='ocr_line' id='line_1_18' title="bbox 276 2178 1008 2257; baseline -0.004 -12"><span class='ocrx_word' id='word_1_153' title='bbox 276 2178 345 2245; x_wconf 87' lang='lat' dir='ltr'>Nos</span> <span class='ocrx_word' id='word_1_154' title='bbox 369 2178 435 2243; x_wconf 82' lang='lat' dir='ltr'>aiio</span> <span class='ocrx_word' id='word_1_155' title='bbox 457 2185 583 2257; x_wconf 76' lang='lat' dir='ltr'>meotes,</span> <span class='ocrx_word' id='word_1_156' title='bbox 612 2178 678 2243; x_wconf 84' lang='lat' dir='ltr'>aiio</span> <span class='ocrx_word' id='word_1_157' title='bbox 702 2179 870 2243; x_wconf 81' lang='lat' dir='ltr'>divisimus</span> <span class='ocrx_word' id='word_1_158' title='bbox 893 2198 1008 2243; x_wconf 80' lang='lat' dir='ltr'>eures:</span> 
     </span>
     <span class='ocr_line' id='line_1_19' title="bbox 46 2282 1258 2381; baseline 0.003 -35"><span class='ocrx_word' id='word_1_159' title='bbox 46 2283 107 2349; x_wconf 87' lang='lat' dir='ltr'>Non</span> <span class='ocrx_word' id='word_1_160' title='bbox 125 2288 173 2350; x_wconf 90' lang='lat' dir='ltr'>est</span> <span class='ocrx_word' id='word_1_161' title='bbox 192 2287 291 2368; x_wconf 89' lang='lat' dir='ltr'>igitur</span> <span class='ocrx_word' id='word_1_162' title='bbox 312 2283 377 2350; x_wconf 87' lang='lat' dir='ltr'>aiio</span> <span class='ocrx_word' id='word_1_163' title='bbox 390 2334 397 2349; x_wconf 87' lang='lat'><em>.</em></span> <span class='ocrx_word' id='word_1_164' title='bbox 412 2335 418 2348; x_wconf 94' lang='lat'><em>.</em></span> <span class='ocrx_word' id='word_1_165' title='bbox 434 2283 501 2349; x_wconf 86' lang='lat' dir='ltr'>alio</span> <span class='ocrx_word' id='word_1_166' title='bbox 519 2287 678 2381; x_wconf 47' lang='lat' dir='ltr'>(repetitio</span> <span class='ocrx_word' id='word_1_167' title='bbox 691 2305 777 2350; x_wconf 87' lang='lat' dir='ltr'>mere</span> <span class='ocrx_word' id='word_1_168' title='bbox 791 2282 980 2363; x_wconf 87' lang='lat' dir='ltr'>rhetoriea&#39;,</span> <span class='ocrx_word' id='word_1_169' title='bbox 995 2304 1058 2367; x_wconf 87' lang='lat' dir='ltr'>qua</span> <span class='ocrx_word' id='word_1_170' title='bbox 1077 2287 1201 2351; x_wconf 91' lang='lat' dir='ltr'>mentes</span> <span class='ocrx_word' id='word_1_171' title='bbox 1221 2287 1258 2350; x_wconf 87' lang='lat' dir='ltr'>et</span> 
     </span>
     <span class='ocr_line' id='line_1_20' title="bbox 48 2392 1255 2475; baseline 0.002 -21"><span class='ocrx_word' id='word_1_172' title='bbox 48 2409 127 2456; x_wconf 89' lang='lat' dir='ltr'>aures</span> <span class='ocrx_word' id='word_1_173' title='bbox 150 2393 367 2475; x_wconf 73' lang='lat' dir='ltr'>significentur</span> <span class='ocrx_word' id='word_1_174' title='bbox 381 2411 438 2475; x_wconf 90' lang='lat' dir='ltr'>pro</span> <span class='ocrx_word' id='word_1_175' title='bbox 461 2394 528 2457; x_wconf 88' lang='lat' dir='ltr'>toto</span> <span class='ocrx_word' id='word_1_176' title='bbox 553 2393 666 2457; x_wconf 86' lang='lat' dir='ltr'>animo.</span> <span class='ocrx_word' id='word_1_177' title='bbox 688 2392 834 2456; x_wconf 89' lang='lat' dir='ltr'>Primum</span> <span class='ocrx_word' id='word_1_178' title='bbox 857 2392 941 2457; x_wconf 91' lang='lat' dir='ltr'>enim</span> <span class='ocrx_word' id='word_1_179' title='bbox 958 2393 1039 2456; x_wconf 87' lang='lat' dir='ltr'>tales</span> <span class='ocrx_word' id='word_1_180' title='bbox 1061 2410 1165 2474; x_wconf 88' lang='lat' dir='ltr'>nugae</span> <span class='ocrx_word' id='word_1_181' title='bbox 1182 2393 1255 2457; x_wconf 88' lang='lat' dir='ltr'>rhe-</span> 
     </span>
     <span class='ocr_line' id='line_1_21' title="bbox 47 2499 1256 2581; baseline 0.002 -20"><span class='ocrx_word' id='word_1_182' title='bbox 47 2499 149 2564; x_wconf 82' lang='lat' dir='ltr'>toricae</span> <span class='ocrx_word' id='word_1_183' title='bbox 173 2519 192 2564; x_wconf 88' lang='lat' dir='ltr'>a</span> <span class='ocrx_word' id='word_1_184' title='bbox 216 2499 341 2566; x_wconf 84' lang='lat' dir='ltr'>Catullo</span> <span class='ocrx_word' id='word_1_185' title='bbox 365 2499 576 2563; x_wconf 86' lang='lat' dir='ltr'>alienissimae</span> <span class='ocrx_word' id='word_1_186' title='bbox 601 2501 690 2577; x_wconf 90' lang='lat' dir='ltr'>sunt,</span> <span class='ocrx_word' id='word_1_187' title='bbox 713 2501 783 2563; x_wconf 93' lang='lat' dir='ltr'>tum</span> <span class='ocrx_word' id='word_1_188' title='bbox 808 2499 891 2581; x_wconf 92' lang='lat' dir='ltr'>quod</span> <span class='ocrx_word' id='word_1_189' title='bbox 913 2517 972 2563; x_wconf 90' lang='lat' dir='ltr'>nos</span> <span class='ocrx_word' id='word_1_190' title='bbox 996 2499 1256 2564; x_wconf 74' lang='lat' dir='ltr'>contradicente</span> 
     </span>
     <span class='ocr_line' id='line_1_22' title="bbox 47 2603 1255 2690; baseline 0.004 -24"><span class='ocrx_word' id='word_1_191' title='bbox 47 2603 225 2670; x_wconf 89' lang='lat' dir='ltr'>Baehrensio</span> <span class='ocrx_word' id='word_1_192' title='bbox 249 2606 290 2670; x_wconf 88' lang='lat' dir='ltr'>ad</span> <span class='ocrx_word' id='word_1_193' title='bbox 312 2607 343 2670; x_wconf 89' lang='lat' dir='ltr'>h.</span> <span class='ocrx_word' id='word_1_194' title='bbox 359 2606 438 2670; x_wconf 82' lang='lat' dir='ltr'>lde</span> <span class='ocrx_word' id='word_1_195' title='bbox 458 2606 575 2671; x_wconf 93' lang='lat' dir='ltr'>harum</span> <span class='ocrx_word' id='word_1_196' title='bbox 597 2625 711 2671; x_wconf 89' lang='lat' dir='ltr'>vooum</span> <span class='ocrx_word' id='word_1_197' title='bbox 734 2607 995 2689; x_wconf 87' lang='lat' dir='ltr'>interpretatione</span> <span class='ocrx_word' id='word_1_198' title='bbox 1018 2607 1197 2690; x_wconf 88' lang='lat' dir='ltr'>posuimus,</span> <span class='ocrx_word' id='word_1_199' title='bbox 1220 2607 1255 2672; x_wconf 91' lang='lat' dir='ltr'>id</span> 
     </span>
     <span class='ocr_line' id='line_1_23' title="bbox 48 2697 1257 2798; baseline 0.002 -24"><span class='ocrx_word' id='word_1_200' title='bbox 48 2713 163 2792; x_wconf 88' lang='lat' dir='ltr'>posthae</span> <span class='ocrx_word' id='word_1_201' title='bbox 185 2714 241 2778; x_wconf 90' lang='lat' dir='ltr'>ubi</span> <span class='ocrx_word' id='word_1_202' title='bbox 257 2713 295 2777; x_wconf 92' lang='lat' dir='ltr'>de</span> <span class='ocrx_word' id='word_1_203' title='bbox 311 2697 454 2778; x_wconf 86' lang='lat' dir='ltr'>versibus</span> <span class='ocrx_word' id='word_1_204' title='bbox 476 2722 583 2780; x_wconf 81' lang='lat'>6-10</span> <span class='ocrx_word' id='word_1_205' title='bbox 603 2713 803 2798; x_wconf 83' lang='lat' dir='ltr'>disseremus,</span> <span class='ocrx_word' id='word_1_206' title='bbox 827 2713 925 2777; x_wconf 91' lang='lat' dir='ltr'>etiam</span> <span class='ocrx_word' id='word_1_207' title='bbox 941 2712 1044 2777; x_wconf 91' lang='lat' dir='ltr'>denuo</span> <span class='ocrx_word' id='word_1_208' title='bbox 1066 2713 1206 2778; x_wconf 87' lang='lat' dir='ltr'>firmabit</span> <span class='ocrx_word' id='word_1_209' title='bbox 1247 2761 1257 2776; x_wconf 89' lang='lat'><strong>.</strong></span> 
     </span>
    </p>

    <p class='ocr_par' dir='ltr' id='par_1_7' title="bbox 47 2819 1258 4276">
     <span class='ocr_line' id='line_1_24' title="bbox 123 2819 1255 2903; baseline 0.003 -20"><span class='ocrx_word' id='word_1_210' title='bbox 123 2819 213 2898; x_wconf 78' lang='lat' dir='ltr'>Quod</span> <span class='ocrx_word' id='word_1_211' title='bbox 235 2819 335 2902; x_wconf 89' lang='lat' dir='ltr'>igitur</span> <span class='ocrx_word' id='word_1_212' title='bbox 355 2822 479 2903; x_wconf 85' lang='lat' dir='ltr'>puellae</span> <span class='ocrx_word' id='word_1_213' title='bbox 496 2820 534 2884; x_wconf 87' lang='lat' dir='ltr'>do</span> <span class='ocrx_word' id='word_1_214' title='bbox 550 2821 716 2885; x_wconf 85' lang='lat' dir='ltr'>iuvenibus</span> <span class='ocrx_word' id='word_1_215' title='bbox 732 2821 890 2898; x_wconf 89' lang='lat' dir='ltr'>metuunt,</span> <span class='ocrx_word' id='word_1_216' title='bbox 914 2819 952 2884; x_wconf 86' lang='lat' dir='ltr'>ei.</span> <span class='ocrx_word' id='word_1_217' title='bbox 968 2840 996 2884; x_wconf 82' lang='lat' dir='ltr'>r.</span> <span class='ocrx_word' id='word_1_218' title='bbox 1014 2828 1153 2898; x_wconf 85' lang='lat'>11-14,</span> <span class='ocrx_word' id='word_1_219' title='bbox 1169 2821 1255 2886; x_wconf 89' lang='lat' dir='ltr'>idem</span> 
     </span>
     <span class='ocr_line' id='line_1_25' title="bbox 47 2921 1254 3009; baseline 0.003 -22"><span class='ocrx_word' id='word_1_220' title='bbox 47 2923 122 2989; x_wconf 90' lang='lat' dir='ltr'>hiin</span> <span class='ocrx_word' id='word_1_221' title='bbox 144 2927 273 3009; x_wconf 90' lang='lat' dir='ltr'>puellis,</span> <span class='ocrx_word' id='word_1_222' title='bbox 297 2921 374 2991; x_wconf 84' lang='lat' dir='ltr'>duni</span> <span class='ocrx_word' id='word_1_223' title='bbox 405 2929 540 3009; x_wconf 82' lang='lat' dir='ltr'>uterque</span> <span class='ocrx_word' id='word_1_224' title='bbox 570 2927 684 2992; x_wconf 88' lang='lat' dir='ltr'>ehorus</span> <span class='ocrx_word' id='word_1_225' title='bbox 716 2926 755 2990; x_wconf 86' lang='lat' dir='ltr'>ad</span> <span class='ocrx_word' id='word_1_226' title='bbox 787 2928 948 2991; x_wconf 76' lang='lat' dir='ltr'>certamen</span> <span class='ocrx_word' id='word_1_227' title='bbox 979 2944 1011 2990; x_wconf 89' lang='lat' dir='ltr'>se</span> <span class='ocrx_word' id='word_1_228' title='bbox 1042 2929 1150 3009; x_wconf 88' lang='lat' dir='ltr'>parat,</span> <span class='ocrx_word' id='word_1_229' title='bbox 1180 2945 1254 2991; x_wconf 88' lang='lat' dir='ltr'>oum</span> 
     </span>
     <span class='ocr_line' id='line_1_26' title="bbox 48 3032 1256 3117; baseline 0.002 -22"><span class='ocrx_word' id='word_1_230' title='bbox 48 3050 111 3098; x_wconf 88' lang='lat' dir='ltr'>eura</span> <span class='ocrx_word' id='word_1_231' title='bbox 133 3035 271 3117; x_wconf 87' lang='lat' dir='ltr'>quadam</span> <span class='ocrx_word' id='word_1_232' title='bbox 302 3033 519 3117; x_wconf 84' lang='lat' dir='ltr'>suspieentur</span> <span class='ocrx_word' id='word_1_233' title='bbox 536 3032 573 3098; x_wconf 83' lang='lat' dir='ltr'>ef.</span> <span class='ocrx_word' id='word_1_234' title='bbox 604 3054 632 3097; x_wconf 85' lang='lat' dir='ltr'>v.</span> <span class='ocrx_word' id='word_1_235' title='bbox 664 3040 802 3100; x_wconf 77' lang='lat'>15-18.</span> <span class='ocrx_word' id='word_1_236' title='bbox 846 3033 981 3097; x_wconf 84' lang='lat' dir='ltr'>Iuvenes</span> <span class='ocrx_word' id='word_1_237' title='bbox 1012 3033 1097 3096; x_wconf 88' lang='lat' dir='ltr'>enim</span> <span class='ocrx_word' id='word_1_238' title='bbox 1125 3033 1189 3096; x_wconf 89' lang='lat' dir='ltr'>iam</span> <span class='ocrx_word' id='word_1_239' title='bbox 1219 3051 1256 3097; x_wconf 90' lang='lat' dir='ltr'>se</span> 
     </span>
     <span class='ocr_line' id='line_1_27' title="bbox 47 3131 1255 3221; baseline 0 -18"><span class='ocrx_word' id='word_1_240' title='bbox 47 3145 179 3220; x_wconf 86' lang='lat' dir='ltr'>parantes</span> <span class='ocrx_word' id='word_1_241' title='bbox 203 3141 295 3205; x_wconf 86' lang='lat' dir='ltr'>taeiti</span> <span class='ocrx_word' id='word_1_242' title='bbox 318 3142 351 3204; x_wconf 90' lang='lat' dir='ltr'>et</span> <span class='ocrx_word' id='word_1_243' title='bbox 372 3141 488 3205; x_wconf 90' lang='lat' dir='ltr'>intenti</span> <span class='ocrx_word' id='word_1_244' title='bbox 518 3140 665 3205; x_wconf 89' lang='lat' dir='ltr'>videntur</span> <span class='ocrx_word' id='word_1_245' title='bbox 694 3143 860 3221; x_wconf 90' lang='lat' dir='ltr'>tamquam</span> <span class='ocrx_word' id='word_1_246' title='bbox 890 3140 925 3202; x_wconf 90' lang='lat' dir='ltr'>iu</span> <span class='ocrx_word' id='word_1_247' title='bbox 952 3131 1136 3204; x_wconf 90' lang='lat' dir='ltr'>meditando</span> <span class='ocrx_word' id='word_1_248' title='bbox 1163 3159 1255 3205; x_wconf 88' lang='lat' dir='ltr'>ooou-</span> 
     </span>
     <span class='ocr_line' id='line_1_28' title="bbox 47 3233 1258 3330; baseline 0 -20"><span class='ocrx_word' id='word_1_249' title='bbox 47 3249 111 3326; x_wconf 87' lang='lat' dir='ltr'>pati,</span> <span class='ocrx_word' id='word_1_250' title='bbox 134 3233 217 3330; x_wconf 82' lang='lat' dir='ltr'>quod</span> <span class='ocrx_word' id='word_1_251' title='bbox 240 3246 303 3311; x_wconf 89' lang='lat' dir='ltr'>nisi</span> <span class='ocrx_word' id='word_1_252' title='bbox 326 3247 539 3328; x_wconf 81' lang='lat' dir='ltr'>signifieatum</span> <span class='ocrx_word' id='word_1_253' title='bbox 566 3249 653 3312; x_wconf 90' lang='lat' dir='ltr'>esset</span> <span class='ocrx_word' id='word_1_254' title='bbox 682 3265 701 3311; x_wconf 88' lang='lat' dir='ltr'>a</span> <span class='ocrx_word' id='word_1_255' title='bbox 730 3246 861 3330; x_wconf 88' lang='lat' dir='ltr'>puellis,</span> <span class='ocrx_word' id='word_1_256' title='bbox 889 3265 1018 3328; x_wconf 90' lang='lat' dir='ltr'>prorsus</span> <span class='ocrx_word' id='word_1_257' title='bbox 1046 3247 1140 3312; x_wconf 90' lang='lat' dir='ltr'>inane</span> <span class='ocrx_word' id='word_1_258' title='bbox 1170 3249 1258 3312; x_wconf 92' lang='lat' dir='ltr'>esset</span> 
     </span>
     <span class='ocr_line' id='line_1_29' title="bbox 48 3353 1257 3438; baseline 0.003 -24"><span class='ocrx_word' id='word_1_259' title='bbox 48 3354 73 3414; x_wconf 87' lang='lat' dir='ltr'>et</span> <span class='ocrx_word' id='word_1_260' title='bbox 91 3355 232 3438; x_wconf 89' lang='lat' dir='ltr'>ineptum</span> <span class='ocrx_word' id='word_1_261' title='bbox 255 3353 351 3430; x_wconf 91' lang='lat' dir='ltr'>illud,</span> <span class='ocrx_word' id='word_1_262' title='bbox 376 3353 460 3434; x_wconf 91' lang='lat' dir='ltr'>quod</span> <span class='ocrx_word' id='word_1_263' title='bbox 488 3354 523 3418; x_wconf 93' lang='lat' dir='ltr'>hi</span> <span class='ocrx_word' id='word_1_264' title='bbox 550 3354 588 3418; x_wconf 90' lang='lat' dir='ltr'>de</span> <span class='ocrx_word' id='word_1_265' title='bbox 617 3373 675 3418; x_wconf 89' lang='lat' dir='ltr'>sua</span> <span class='ocrx_word' id='word_1_266' title='bbox 704 3354 845 3437; x_wconf 90' lang='lat' dir='ltr'>ipsorum</span> <span class='ocrx_word' id='word_1_267' title='bbox 873 3355 1074 3435; x_wconf 84' lang='lat' dir='ltr'>neglegentia</span> <span class='ocrx_word' id='word_1_268' title='bbox 1103 3354 1257 3432; x_wconf 84' lang='lat' dir='ltr'>fatentur,</span> 
     </span>
     <span class='ocr_line' id='line_1_30' title="bbox 48 3460 1257 3545; baseline 0.002 -23"><span class='ocrx_word' id='word_1_269' title='bbox 48 3461 110 3539; x_wconf 90' lang='lat' dir='ltr'>qnia</span> <span class='ocrx_word' id='word_1_270' title='bbox 131 3462 198 3526; x_wconf 90' lang='lat' dir='ltr'>eius</span> <span class='ocrx_word' id='word_1_271' title='bbox 222 3460 298 3524; x_wconf 88' lang='lat' dir='ltr'>dieti</span> <span class='ocrx_word' id='word_1_272' title='bbox 322 3460 446 3525; x_wconf 89' lang='lat' dir='ltr'>deesset</span> <span class='ocrx_word' id='word_1_273' title='bbox 468 3462 570 3526; x_wconf 90' lang='lat' dir='ltr'>omnis</span> <span class='ocrx_word' id='word_1_274' title='bbox 594 3479 691 3525; x_wconf 87' lang='lat' dir='ltr'>eausa</span> <span class='ocrx_word' id='word_1_275' title='bbox 714 3463 747 3525; x_wconf 90' lang='lat' dir='ltr'>et</span> <span class='ocrx_word' id='word_1_276' title='bbox 761 3461 818 3525; x_wconf 84' lang='lat' dir='ltr'>vis.</span> <span class='ocrx_word' id='word_1_277' title='bbox 851 3464 898 3525; x_wconf 85' lang='lat' dir='ltr'>Ae</span> <span class='ocrx_word' id='word_1_278' title='bbox 921 3479 1031 3524; x_wconf 91' lang='lat' dir='ltr'>rursus</span> <span class='ocrx_word' id='word_1_279' title='bbox 1054 3462 1110 3524; x_wconf 87' lang='lat' dir='ltr'>illa</span> <span class='ocrx_word' id='word_1_280' title='bbox 1132 3462 1257 3545; x_wconf 88' lang='lat' dir='ltr'>puella·</span> 
     </span>
     <span class='ocr_line' id='line_1_31' title="bbox 47 3567 1256 3652; baseline -0.001 -21"><span class='ocrx_word' id='word_1_281' title='bbox 47 3584 107 3631; x_wconf 86' lang='lat' dir='ltr'>rum</span> <span class='ocrx_word' id='word_1_282' title='bbox 147 3569 250 3651; x_wconf 91' lang='lat' dir='ltr'>opinio</span> <span class='ocrx_word' id='word_1_283' title='bbox 281 3568 347 3631; x_wconf 86' lang='lat' dir='ltr'>sive</span> <span class='ocrx_word' id='word_1_284' title='bbox 386 3570 492 3632; x_wconf 91' lang='lat' dir='ltr'>metus</span> <span class='ocrx_word' id='word_1_285' title='bbox 522 3568 761 3652; x_wconf 80' lang='lat' dir='ltr'>explieationem</span> <span class='ocrx_word' id='word_1_286' title='bbox 793 3586 884 3632; x_wconf 87' lang='lat' dir='ltr'>suam</span> <span class='ocrx_word' id='word_1_287' title='bbox 912 3569 1009 3632; x_wconf 87' lang='lat' dir='ltr'>habet</span> <span class='ocrx_word' id='word_1_288' title='bbox 1037 3567 1256 3632; x_wconf 85' lang='lat' dir='ltr'>meditationis</span> 
     </span>
     <span class='ocr_line' id='line_1_32' title="bbox 48 3673 1254 3758; baseline 0.002 -24"><span class='ocrx_word' id='word_1_289' title='bbox 48 3676 145 3754; x_wconf 85' lang='lat' dir='ltr'>speeie,</span> <span class='ocrx_word' id='word_1_290' title='bbox 168 3693 265 3758; x_wconf 86' lang='lat' dir='ltr'>quam</span> <span class='ocrx_word' id='word_1_291' title='bbox 287 3673 418 3739; x_wconf 86' lang='lat' dir='ltr'>iuvenes</span> <span class='ocrx_word' id='word_1_292' title='bbox 440 3675 623 3757; x_wconf 87' lang='lat' dir='ltr'>praebuisse</span> <span class='ocrx_word' id='word_1_293' title='bbox 653 3676 768 3739; x_wconf 92' lang='lat' dir='ltr'>horum</span> <span class='ocrx_word' id='word_1_294' title='bbox 797 3674 939 3758; x_wconf 91' lang='lat' dir='ltr'>ipsorum</span> <span class='ocrx_word' id='word_1_295' title='bbox 967 3674 1071 3739; x_wconf 76' lang='lat' dir='ltr'>verbis</span> <span class='ocrx_word' id='word_1_296' title='bbox 1101 3674 1254 3758; x_wconf 90' lang='lat' dir='ltr'>proditur.</span> 
     </span>
     <span class='ocr_line' id='line_1_33' title="bbox 48 3777 1257 3865; baseline 0.002 -24"><span class='ocrx_word' id='word_1_297' title='bbox 48 3777 89 3843; x_wconf 90' lang='lat' dir='ltr'>lta</span> <span class='ocrx_word' id='word_1_298' title='bbox 108 3783 186 3847; x_wconf 90' lang='lat' dir='ltr'>nihil</span> <span class='ocrx_word' id='word_1_299' title='bbox 208 3783 241 3846; x_wconf 89' lang='lat' dir='ltr'>in</span> <span class='ocrx_word' id='word_1_300' title='bbox 263 3784 313 3847; x_wconf 91' lang='lat' dir='ltr'>his</span> <span class='ocrx_word' id='word_1_301' title='bbox 337 3781 480 3845; x_wconf 88' lang='lat' dir='ltr'>versibus</span> <span class='ocrx_word' id='word_1_302' title='bbox 503 3799 567 3845; x_wconf 92' lang='lat' dir='ltr'>non</span> <span class='ocrx_word' id='word_1_303' title='bbox 590 3783 639 3846; x_wconf 89' lang='lat' dir='ltr'>est</span> <span class='ocrx_word' id='word_1_304' title='bbox 663 3781 854 3865; x_wconf 76' lang='lat' dir='ltr'>explicatum</span> <span class='ocrx_word' id='word_1_305' title='bbox 870 3784 927 3845; x_wconf 91' lang='lat' dir='ltr'>aut</span> <span class='ocrx_word' id='word_1_306' title='bbox 943 3781 1009 3845; x_wconf 91' lang='lat' dir='ltr'>sine</span> <span class='ocrx_word' id='word_1_307' title='bbox 1026 3799 1123 3845; x_wconf 87' lang='lat' dir='ltr'>eausa</span> <span class='ocrx_word' id='word_1_308' title='bbox 1146 3781 1257 3862; x_wconf 87' lang='lat' dir='ltr'>aliqua</span> 
     </span>
     <span class='ocr_line' id='line_1_34' title="bbox 51 3885 1258 3972; baseline 0.004 -26"><span class='ocrx_word' id='word_1_309' title='bbox 51 3885 174 3954; x_wconf 86' lang='lat' dir='ltr'>effietum</span> <span class='ocrx_word' id='word_1_310' title='bbox 206 3889 497 3972; x_wconf 81' lang='lat' dir='ltr'>excogitatumque,</span> <span class='ocrx_word' id='word_1_311' title='bbox 526 3891 564 3952; x_wconf 91' lang='lat' dir='ltr'>ut</span> <span class='ocrx_word' id='word_1_312' title='bbox 597 3891 629 3953; x_wconf 90' lang='lat' dir='ltr'>et</span> <span class='ocrx_word' id='word_1_313' title='bbox 659 3889 741 3954; x_wconf 87' lang='lat' dir='ltr'>aetio</span> <span class='ocrx_word' id='word_1_314' title='bbox 771 3889 803 3952; x_wconf 94' lang='lat' dir='ltr'>et</span> <span class='ocrx_word' id='word_1_315' title='bbox 834 3889 997 3970; x_wconf 85' lang='lat' dir='ltr'>agentium</span> <span class='ocrx_word' id='word_1_316' title='bbox 1028 3889 1188 3972; x_wconf 89' lang='lat' dir='ltr'>opiniones</span> <span class='ocrx_word' id='word_1_317' title='bbox 1218 3905 1258 3951; x_wconf 89' lang='lat' dir='ltr'>se</span> 
     </span>
     <span class='ocr_line' id='line_1_35' title="bbox 50 3990 1257 4078; baseline 0.001 -22"><span class='ocrx_word' id='word_1_318' title='bbox 50 3990 122 4074; x_wconf 87' lang='lat' dir='ltr'>ipsae</span> <span class='ocrx_word' id='word_1_319' title='bbox 143 3996 292 4062; x_wconf 71' lang='lat' dir='ltr'>carminis</span> <span class='ocrx_word' id='word_1_320' title='bbox 316 4014 581 4078; x_wconf 90' lang='lat' dir='ltr'>eum-progressu</span> <span class='ocrx_word' id='word_1_321' title='bbox 604 3996 773 4072; x_wconf 79' lang='lat' dir='ltr'>declarent,</span> <span class='ocrx_word' id='word_1_322' title='bbox 797 3995 875 4059; x_wconf 92' lang='lat' dir='ltr'>dum</span> <span class='ocrx_word' id='word_1_323' title='bbox 897 3997 1032 4060; x_wconf 85' lang='lat' dir='ltr'>venusta</span> <span class='ocrx_word' id='word_1_324' title='bbox 1056 4014 1128 4059; x_wconf 90' lang='lat' dir='ltr'>eum</span> <span class='ocrx_word' id='word_1_325' title='bbox 1158 4013 1257 4076; x_wconf 86' lang='lat' dir='ltr'>oppo-</span> 
     </span>
     <span class='ocr_line' id='line_1_36' title="bbox 52 4099 1257 4187; baseline 0.004 -27"><span class='ocrx_word' id='word_1_326' title='bbox 52 4099 146 4168; x_wconf 89' lang='lat' dir='ltr'>sitione</span> <span class='ocrx_word' id='word_1_327' title='bbox 174 4104 354 4187; x_wconf 83' lang='lat' dir='ltr'>puellarum</span> <span class='ocrx_word' id='word_1_328' title='bbox 384 4103 600 4185; x_wconf 87' lang='lat' dir='ltr'>iuvenumque</span> <span class='ocrx_word' id='word_1_329' title='bbox 630 4105 662 4167; x_wconf 90' lang='lat' dir='ltr'>et</span> <span class='ocrx_word' id='word_1_330' title='bbox 690 4105 797 4168; x_wconf 87' lang='lat' dir='ltr'>metus</span> <span class='ocrx_word' id='word_1_331' title='bbox 828 4105 860 4167; x_wconf 88' lang='lat' dir='ltr'>et</span> <span class='ocrx_word' id='word_1_332' title='bbox 884 4102 990 4167; x_wconf 87' lang='lat' dir='ltr'>studia</span> <span class='ocrx_word' id='word_1_333' title='bbox 1011 4103 1095 4166; x_wconf 88' lang='lat' dir='ltr'>inter</span> <span class='ocrx_word' id='word_1_334' title='bbox 1124 4119 1157 4165; x_wconf 89' lang='lat' dir='ltr'>se</span> <span class='ocrx_word' id='word_1_335' title='bbox 1181 4119 1257 4165; x_wconf 84' lang='lat' dir='ltr'>eon·</span> 
     </span>
     <span class='ocr_line' id='line_1_37' title="bbox 52 4205 343 4276; baseline 0.027 -10"><span class='ocrx_word' id='word_1_336' title='bbox 52 4205 133 4273; x_wconf 80' lang='lat' dir='ltr'>tario</span> <span class='ocrx_word' id='word_1_337' title='bbox 154 4211 343 4276; x_wconf 82' lang='lat' dir='ltr'>referuntur.</span> 
     </span>
    </p>
   </div>
   <div class='ocr_carea' id='block_1_5' title="bbox 0 0 1473 4724">
    <p class='ocr_par' dir='ltr' id='par_1_8' title="bbox 0 0 1473 4724">
     <span class='ocr_line' id='line_1_38' title="bbox 0 0 1473 4724; baseline 0 0"><span class='ocrx_word' id='word_1_338' title='bbox 0 0 1473 4724; x_wconf 95' lang='lat' dir='ltr'> </span> 
     </span>
    </p>
   </div>
  </div>
 </body>
</html>
