2928 4724
578 148 738 240 —IL—

133 331 255 398 Eodem
267 333 348 399 ratio
362 335 411 397 est
424 334 486 398 loei
500 333 646 399 Ouidiani
662 337 738 400 met
753 336 783 400 X
798 344 862 404 210
877 337 916 402 de
928 337 1109 420 Hyacinthe
1125 341 1269 408 mutato:

222 437 305 504 Esse
326 458 430 517 enasor,
453 439 510 521 oni
531 439 625 521 tostis
646 439 741 506 tuneo
762 442 948 524 siffleooerot
968 443 1090 524 terias,

222 544 355 611 Desinit
376 566 441 610 esse
463 565 567 624 emor,
595 545 755 630 Tyrioque
777 549 930 614 nitentior
953 555 1035 616 ostro

220 651 303 716 Flos
325 652 430 716 oritur

45 761 78 824 et
99 758 276 842 Vergiliani
297 761 375 824 Aen.
397 759 445 824 XI
467 766 532 826 466

526 866 670 947 equitem,
693 863 876 948 Messapos
899 869 936 933 in
958 869 1070 948 onmis,

221 971 268 1036 Et
290 993 361 1036 enm
382 973 487 1055 fratre
512 970 620 1050 Coros,
645 973 721 1038 lotis
744 973 916 1054 diffundite
939 975 1069 1058 eomps's,

45 1079 199 1161 adquam
222 1082 454 1163 appropinquat
468 1099 546 1145 usus
570 1081 810 1164 praepositionis
835 1069 920 1179 ‘per'
945 1083 980 1147 iu
1004 1085 1082 1149 Aen.
1102 1083 1167 1148 IIII
1186 1092 1269 1154 ooo:

224 1183 367 1250 Claudia
389 1205 475 1252 nono
498 1206 519 1250 o
542 1206 603 1268 qno
627 1185 824 1266 diffunditur
847 1192 876 1252 et
898 1187 1002 1254 triten
1024 1194 1053 1254 et
1073 1209 1151 1272 oens

221 1292 288 1358 Per
309 1292 450 1358 Lotieeen
516 1373 519 1375 ,

47 1418 147 1481 neque
172 1401 264 1464 aliter
287 1401 487 1484 aooipiendus
512 1402 562 1465 est
585 1418 677 1466 oasus
701 1401 734 1464 in
756 1404 834 1466 Aen.
856 1401 920 1466 XII
943 1410 1025 1468 41⁵1:

310 1505 367 1570 lroo
388 1505 497 1587 insum
520 1505 622 1570 labris
643 1504 881 1586 splendentibus
897 1528 1022 1574 aennon

221 1613 340 1693 Inpioit.

49 1717 114 1784 Hos
136 1721 222 1784 enim
245 1720 265 1783 i.
289 1739 314 1784 e.
338 1719 497 1786 dictamno
521 1737 639 1801 aquam
661 1739 719 1804 per
742 1721 847 1785 alveos
872 1720 1021 1786 diffusam
1043 1721 1151 1788 infinit.

130 1826 202 1891 Iam
233 1815 393 1923 ‘tollendi’
424 1827 511 1891 verbi
544 1845 640 1892 usum
669 1846 899 1911 persequamur
928 1846 985 1911 per
1019 1846 1137 1910 genera
1164 1831 1268 1894 struo-

47 1933 199 1998 turarum.
256 1932 460 1998 Construitur
492 1932 526 1997 id
560 1951 634 1998 oum
669 1953 745 1999 oasu
779 1935 984 1999 instrumenti
1025 1937 1063 1998 ut
1094 1935 1267 2031 (manitus,

47 2037 170 2117 dextra,
208 2040 267 2104 alis
291 2027 417 2104 tollere‘
443 2040 573 2114 dioitor;
609 2059 683 2104 oum
705 2041 843 2105 ablativo
870 2041 997 2137 chumo,
1020 2043 1107 2106 terra
1129 2029 1268 2120 tollers',

49 2149 83 2209 ut
104 2147 189 2234 apud
213 2146 362 2212 Ovidium
384 2147 418 2210 in
441 2148 516 2210 met.
538 2146 598 2212 XV
624 2155 687 2213 163

177 2253 254 2334 Ipse
277 2253 328 2318 olei
350 2251 471 2334 clipeus
495 2253 527 2337 (i.
550 2273 575 2318 e.
600 2254 660 2339 eol)
683 2256 771 2318 terro
794 2273 865 2318 enm
887 2252 1011 2318 tollitur
1032 2250 1100 2318 imo
1219 2335 1220 2338 Ἴ

49 2359 104 2423 ie.
128 2361 167 2425 ab
192 2363 333 2425 extremo
357 2362 462 2425 terrae
485 2361 647 2443 margine3
672 2380 746 2426 oum
771 2360 1002 2445 praepositione
1030 2347 1093 2458 tin'
1119 2363 1152 2426 et
1173 2379 1268 2428 anou-

48 2468 154 2546 sativo,
177 2471 216 2532 ut
238 2467 322 2551 apud
347 2466 496 2532 Ovidium
518 2468 552 2531 in
574 2469 649 2532 met.
672 2468 736 2532 XII
760 2475 894 2550 281qu

330 2573 429 2655 inqne
450 2591 576 2638 nmeros
598 2572 697 2638 limen
718 2572 830 2640 tellure
852 2573 1014 2640 reonlsnm

226 2679 324 2746 Tollit

50 2806 87 2852 sa
109 2789 266 2856 Charaxes
290 2788 441 2871 Lapitha3
465 2788 530 2851 VII
544 2795 608 2854 364
631 2786 778 2852 snblotns
797 2787 836 2851 in
856 2807 936 2852 aero
955 2787 1082 2870 pennis,
1105 2787 1183 2852 XIV
1200 2796 1265 2854 814

50 2893 84 2958 de
112 2915 147 2961 eo
177 2897 233 2978 qui
261 2896 344 2960 inter
372 2895 447 2960 deos
474 2894 628 2972 refertur,
657 2913 749 2976 quem
779 2896 815 2957 tn
842 2892 932 2959 tolles
960 2893 997 2958 in
1020 2892 1153 2958 eoernlo
1175 2891 1265 2972 coeli,

50 3017 137 3086 saepe
161 3003 253 3080 alibi,
284 3019 347 3084 qua
371 3002 534 3066 struotura
556 3002 646 3066 loeus
671 3019 732 3082 quo
756 3000 892 3065 dereotio
916 3000 968 3078 fit,
998 3000 1139 3065 attactus
1169 3000 1267 3082 signi-

51 3107 164 3174 fleatur.
199 3109 381 3192 Usurpatur
405 3127 530 3191 quoque
554 3108 586 3172 id
602 3109 735 3173 verbum
748 3125 900 3191 persaepe
923 3109 1013 3172 iuxta
1026 3126 1095 3172 rem
1111 3107 1268 3174 obmotuit

50 3214 110 3280 sine
131 3217 193 3282 loei
216 3215 349 3280 alieuius
365 3215 594 3298 significatione
611 3233 685 3280 eum
700 3213 844 3280 elevandi
859 3215 899 3289 vi,
922 3216 960 3278 ut
978 3215 1114 3310 ςοοιιΙοε,
1136 3214 1268 3294 lumina,

51 3337 80 3384 se
109 3311 244 3388 tollere’.
310 3323 381 3387 Iam
420 3323 448 3387 si
483 3323 607 3418 ‘tollere
643 3309 696 3387 ad’
734 3321 864 3398 dioiiur,
906 3321 942 3386 io
974 3321 1132 3387 diversam
1170 3322 1269 3388 habet
1385 3345 1388 3351 ·

50 3425 230 3495 deiectionis
245 3430 423 3504 notionem
447 3429 578 3494 denotat
601 3429 687 3493 enim
711 3429 839 3494 tantum
854 3423 1098 3510 regionemeivo
1113 3427 1268 3501 dorsetia-

51 3551 129 3615 uem,
165 3555 262 3619 quam
297 3536 379 3601 aetio
411 3535 569 3618 quaedam
596 3535 740 3617 sequitur
771 3535 837 3599 eive
859 3537 964 3612 tenet,
1000 3553 1064 3599 non
1093 3535 1199 3600 looum
1230 3553 1269 3601 en

53 3639 219 3708 iareatione
243 3645 416 3720 attactum,
446 3644 484 3707 ut
513 3660 629 3706 mame
658 3641 704 3705 ao
731 3638 853 3706 coelaem
875 3644 905 3704 et
933 3639 1043 3705 sidero
1072 3637 1154 3705 tollit
1184 3640 1269 3738 apud

53 3745 131 3814 Ouid.
153 3752 186 3814 in
209 3753 284 3816 met.
306 3750 341 3814 II
368 3757 447 3828 467,
469 3749 586 3815 ibidem
608 3748 656 3814 VI
685 3755 748 3815 368
777 3746 948 3830 tollensque
975 3746 1021 3812 oe
1045 3747 1155 3820 sidem
1184 3745 1262 3828 pel·

54 3871 120 3937 nos,
141 3857 193 3922 III
217 3866 313 3940 iosq.
335 3855 447 3922 tollens
461 3856 635 3938 spesiosam
650 3853 799 3920 corniton
816 3853 893 3919 aete
907 3853 965 3920 Ae
978 3851 1102 3920 saetam
1122 3852 1271 3959 fronton,

53 3957 67 4022 I
90 3971 126 4030 66
150 3968 264 4029 ereotos
286 3963 330 4028 oct
351 3962 461 4028 sidero
483 3961 589 4027 tollere
611 3959 733 4038 vultos,
757 3961 820 4026 alia
843 3960 1006 4027 eiusmodi

131 4073 230 4138 Porro
259 4073 294 4137 in
323 4072 419 4136 huius
443 4072 625 4136 struaturae
654 4070 761 4134 losum
783 4087 848 4134 non
870 4085 942 4132 raro
965 4066 1110 4132 eustadii
1131 4066 1270 4146 dativus,

57 4177 86 4239 ut
105 4182 177 4246 met
200 4178 283 4244 XIII
307 4185 370 4245 666
381 4197 445 4262 sq.:
