2928 4724
574 170 733 260 A

124 369 177 428 33.
212 358 362 439 Namque
384 361 437 421 tao
461 356 600 424 adorata
621 355 737 438 aipilat
759 355 905 420 custodia
926 375 1058 436 semper.

216 465 316 530 Nocte
340 464 438 530 lateat
459 464 557 546 fares,
581 483 659 544 qaas
681 462 766 551 idem
787 480 882 542 saepe
904 467 1070 541 reverteas

126 581 177 641 35.
214 571 368 651 Hesperu,
392 575 513 634 enatato
534 569 734 650 comprendis
756 569 884 633 nomiae
906 569 1036 634 cosdem.

213 678 261 742 Aa
284 677 367 742 labet
388 676 539 758 innuptis
560 676 632 757 ficto
654 680 683 740 tc
706 695 836 756 carpere
860 681 979 758 qacsta.

217 784 306 866 Qae'd
327 787 403 861 tara,
426 783 456 848 ei
478 788 618 865 carpant
639 783 740 847 laeua
762 803 854 863 qaem
876 786 977 847 meato
999 782 1196 865 reqae'raat?

215 890 344 972 Hpraea
367 909 384 954 o
407 889 603 972 Hymenaee,
627 889 756 971 Hpmea
779 887 856 952 ades
878 913 895 954 o
917 889 1111 970 Hpmcaoce.

41 1001 158 1064 Versus
184 1006 224 1062 32
251 1015 336 1062 unus
361 997 508 1079 superest
532 1015 569 1060 ex
593 997 693 1060 altera
709 996 840 1078 stropha
864 997 995 1077 reliquis
1019 997 1162 1062 eiusdem
1185 999 1272 1062 stro·

40 1108 120 1190 phas
144 1107 263 1170 lacuna
287 1105 395 1184 aliqua
410 1123 484 1168 enm
499 1104 590 1186 parte
607 1103 825 1186 antistrophae
841 1103 985 1179 haustis,¹
1000 1123 1097 1185 quam
1118 1104 1268 1170 lacunam

41 1215 87 1278 vel
108 1215 180 1296 ipsa
202 1230 355 1277 versuum
381 1218 421 1276 32
447 1212 480 1274 et
497 1218 536 1274 36
554 1209 639 1273 inter
655 1228 688 1273 se
705 1209 858 1292 oppositio
874 1209 961 1274 facta
976 1209 1105 1274 indicat.
1144 1210 1267 1276 Cantus

40 1321 136 1398 enim,
168 1319 224 1400 qui
247 1319 390 1382 versibus
415 1325 545 1382 33-37
579 1317 774 1392 continetur,
805 1316 896 1381 docet
925 1318 1056 1381 iuvenes
1089 1317 1129 1380 ad
1156 1337 1269 1401 oppro-
1306 1383 1310 1390 ,

42 1428 105 1490 bn'a
126 1425 333 1509 respondere,
364 1442 445 1506 quae
476 1424 600 1506 puellae
631 1423 774 1506 Hespero
798 1423 958 1498 fecerunt;
981 1443 1057 1488 nam
1089 1428 1269 1505 queruntur

41 1535 165 1616 puellae
192 1551 250 1615 per
272 1531 453 1614 Hesperum
481 1530 540 1593 sibi
570 1548 668 1593 unam
699 1529 832 1606 auferri,
855 1530 985 1594 iuvenes
1018 1549 1091 1594 eum
1122 1535 1268 1611 pacatam

41 1641 244 1722 redarguunt.

126 1747 265 1814 Omnino
289 1764 371 1821 vero,
396 1743 478 1825 quod
502 1743 536 1807 in
560 1743 662 1826 primo
687 1743 891 1826 stropharum
913 1743 983 1825 pari
1006 1744 1143 1808 vidimus
1172 1747 1205 1810 et
1233 1747 1267 1811 in

43 1855 132 1919 tertio
155 1872 230 1918 mox
252 1851 439 1927 ridebimus,
463 1869 520 1932 per
543 1851 623 1914 haec
646 1849 708 1912 duo
725 1850 929 1931 stropharum
952 1851 1042 1932 paria
1065 1851 1183 1932 ubique
1216 1871 1268 1916 ac-

43 1964 185 2026 curatam
213 1960 406 2042 plenamque
431 1957 532 2021 teneri
556 1958 589 2020 et
612 1957 847 2020 sententiarum
878 1958 911 2020 et
940 1956 1108 2021 verborum
1137 1977 1267 2040 respon·

43 2068 168 2144 sionem,
191 2067 224 2130 id
246 2067 316 2148 ipsa
339 2064 407 2129 eius
430 2063 613 2127 certaminis
636 2063 742 2127 indole
771 2063 913 2145 poscitur
937 2065 970 2127 et
999 2063 1150 2141 efficitur,
1180 2065 1264 2129 unde

43 2175 83 2252 fit,
105 2177 143 2238 ut
165 2175 200 2237 in
224 2173 324 2236 altera
347 2171 477 2253 stropha
501 2172 534 2234 et
557 2170 758 2252 antistropha
787 2205 832 2216 -
862 2170 945 2251 quod
973 2170 1114 2235 Pleitner
1138 2191 1264 2254 quoque

44 2281 61 2344 l.
93 2301 118 2344 c.
152 2301 182 2364 p.
220 2287 270 2344 68.
310 2287 348 2343 71
389 2277 558 2360 praecipue
595 2277 856 2341 commemoravit
895 2313 936 2322 —-
976 2278 1174 2359 aequabilem
1213 2280 1268 2344 ob-

44 2388 172 2451 tinuisse
208 2385 377 2450 oriminum
414 2386 447 2447 et
482 2384 678 2466 prolatorum
716 2385 748 2446 et
777 2383 989 2448 refutatorum
1018 2385 1265 2468 dispositionem,

44 2497 78 2556 ut
106 2494 202 2558 huius
238 2492 474 2573 aequabilitatis
510 2490 649 2554 subsidio
680 2490 780 2554 adiuti
809 2510 825 2554 e
853 2491 997 2555 versibus
1028 2493 1161 2556 servatis
1193 2512 1267 2558 eum

45 2602 172 2665 veritate
198 2599 236 2663 de
253 2599 444 2662 amissorum
466 2617 617 2662 versuum
641 2598 807 2661 sententiis
832 2598 1046 2662 coniecturam
1070 2598 1172 2664 iacere
1195 2619 1269 2683 pos·

45 2707 147 2772 simus.

126 2818 174 2878 Ao
211 2812 297 2876 recte
320 2811 362 2874 M.
386 2811 527 2894 Hauptio
550 2812 582 2874 in
607 2830 654 2893 op.
677 2811 694 2874 Ι
716 2831 745 2894 p.
771 2811 839 2877 35*
871 2810 908 2876 G.
931 2812 1108 2876 Hermanni
1139 2814 1267 2877 senten-

45 2919 118 2984 tiam
141 2917 360 3001 oomprobanti
383 2918 531 2982 videntur
554 2919 678 3000 puellae
701 2919 761 2983 hoe
784 2919 920 2983 maxime
945 2919 1065 2983 crimen
1088 2920 1122 2983 in
1144 2919 1268 3002 Hespe-

46 3045 111 3090 rnm
134 3026 315 3101 coniecisse,
341 3025 423 3106 qnod
448 3027 533 3089 esset
554 3026 622 3108 ipse
646 3025 698 3088 fur
722 3025 787 3089 sive
815 3027 939 3108 raptor,
962 3043 1022 3089 nec
1044 3027 1266 3108 perstrinxisse

45 3135 200 3213 putandae
225 3133 301 3195 sunt
326 3169 366 3178 -
391 3134 429 3195 ut
451 3131 615 3196 Baehrens
640 3133 787 3214 opinatur
810 3167 854 3178 -
885 3133 1042 3196 amatores
1073 3134 1203 3216 cupidos
1235 3135 1267 3197 et

18 3293 20 3306 .
46 3240 252 3304 clandestinos
276 3239 327 3300 vel
351 3257 429 3319 qnos
452 3237 562 3301 sidera
584 3236 694 3316 malta,
718 3257 789 3301 cara
811 3241 892 3301 tacet
914 3257 986 3315 aaa,
1008 3237 1147 3319 sacrivos
1162 3239 1263 3302 homi·

45 3365 116 3410 aaa
148 3345 258 3410 uideat
288 3363 427 3421 ammes,
462 3345 517 3408 sed
551 3363 669 3408 norum
703 3345 876 3421 maritum,
911 3344 1064 3408 nimirum
1099 3347 1174 3427 quia
1208 3348 1268 3411 sub

48 3455 162 3536 vesperi
185 3455 258 3516 ortu
280 3470 362 3516 nova
384 3452 486 3533 nupta
510 3451 569 3515 sibi
593 3450 773 3515 auferretur
796 3451 836 3535 (v.
862 3451 925 3535 32).
971 3452 1023 3515 Ita
1046 3454 1141 3534 paulo
1163 3455 1267 3534 magis

48 3560 77 3621 et
98 3561 200 3624 aerius
225 3577 323 3640 quam
353 3558 386 3620 in
416 3558 519 3640 prima
550 3559 681 3640 stropha
709 3558 729 3622 i.
761 3576 786 3623 e.
816 3578 843 3622 v.
876 3566 1006 3623 20-24
1037 3545 1158 3624 iactum
1189 3562 1267 3639 erat,

49 3668 203 3745 querelam
228 3683 319 3729 suam
342 3665 380 3728 de
405 3665 542 3729 abducta
565 3665 685 3746 virgine
708 3666 833 3748 puellae
859 3667 1025 3743 auxerunt,
1050 3667 1105 3730 sed
1125 3667 1164 3730 de
1181 3667 1268 3730 clan-

49 3770 172 3836 destinis
197 3771 357 3835 amoribus
382 3773 439 3834 aut
461 3770 500 3834 de
531 3771 686 3835 amatoria
717 3772 877 3848 custodia,
907 3773 946 3835 ut
974 3791 1061 3836 more
1093 3772 1266 3837 Ouidianae

50 3877 186 3944 lasciviae
210 3879 425 3960 loquerentur,
449 3896 627 3959 numquam
657 3879 885 3960 cogitaverunt.
931 3880 1059 3943 Absunt
1089 3881 1170 3943 tales
1201 3899 1268 3943 om-

50 3985 113 4050 nino
136 3985 343 4067 cogitationes
366 3985 405 4048 ab
427 3985 524 4048 huius
548 3986 730 4049 certaminis
754 3986 945 4050 verecundia
968 3986 1001 4049 et
1024 3986 1238 4068 simplicitate.

131 4093 192 4158 Sed
216 4091 249 4155 id
272 4091 391 4156 crimen
414 4091 459 4155 ita
489 4092 667 4164 dissolvunt
697 4092 831 4174 argutiis
863 4093 928 4156 suis
959 4093 1107 4169 iuvenes,
1137 4095 1175 4156 ut
1204 4111 1268 4157 non

53 4214 208 4281 vesperum
231 4217 300 4262 esse
324 4198 482 4262 fautorem
505 4199 582 4262 furti
605 4199 685 4263 illud
714 4201 893 4283 puellarum
922 4198 1042 4262 dictum
1073 4200 1267 4281 corrigentes

98 4321 200 4370 Weber,
216 4319 363 4370 Quaestiones
373 4320 519 4362 Catullieuee.
1036 4303 1055 4357 4
