2934 4742
764 194 825 252 118

182 381 239 444 aut
262 380 414 456 annotari,
439 380 516 461 quin
538 382 697 465 extemplo
720 382 753 445 id
775 399 893 446 munus
929 378 1126 475 ‘oonteotum
1155 369 1309 445 earmine‘
1343 380 1408 445 sire
1454 423 1455 490 p

182 485 321 550 officium
344 486 441 550 Mulio
465 488 625 569 praebeat,
648 507 688 552 no
712 489 780 553 eins
805 490 838 553 et
861 487 935 552 Allii
958 487 1079 551 nomini
1098 506 1155 570 per
1169 505 1293 552 moram
1309 506 1408 570 nsque
1453 525 1455 630 p

181 610 296 656 novam
321 593 413 674 quasi
436 593 548 676 rubigo
573 594 789 671 adhaerescat,
813 594 897 659 siout
919 613 977 658 nos
1001 593 1039 658 de
1069 594 1209 658 amioitia
1239 597 1273 659 et
1304 612 1408 659 amore
1454 649 1455 658 ,

184 698 295 762 eadem
317 700 526 765 translatione
551 702 681 766 utimur.
726 702 883 766 Adhibuit
914 702 1070 765 translate
1104 699 1236 766 Ovidius
1266 701 1299 764 in
1328 702 1409 765 trist.

182 804 213 868 V
239 815 289 883 12,
314 813 353 870 21
382 807 562 902 1ingenium
585 808 679 890 longa
702 808 842 891 robigine
865 795 1003 872 laesum'
1031 807 1159 890 (Baehr.
1174 827 1204 891 p.
1222 809 1310 891 533).
1349 808 1409 872 Sed

183 930 334 1009 taraneae
358 901 482 991 telam'‚
504 915 565 978 nisi
588 914 615 979 si
637 915 675 980 de
693 934 825 980 araneae
850 934 942 998 opere
966 915 1098 996 eogitari
1119 918 1235 998 posset,
1255 933 1409 996 umquam

181 1019 340 1084 translata
363 1020 526 1086 oblivionis
550 1023 678 1087 notione
703 1022 879 1086 adhibitam
902 1021 1001 1085 fuisse
1024 1022 1135 1104 negari
1166 1022 1270 1086 debet.
1308 1021 1408 1085 Aliter

181 1126 284 1191 sensit
305 1125 346 1190 H.
368 1128 507 1210 Magnus
530 1127 573 1191 N.
598 1127 713 1194 Jahrb.
747 1138 819 1195 113.
845 1138 939 1196 1876.
962 1150 992 1213 p.
1016 1136 1097 1195 403:
1126 1129 1178 1192 die
1206 1128 1409 1209 minumebea
1454 1151 1456 1200 l

180 1231 260 1296 siud
278 1232 391 1314 peruias
424 1233 551 1316 (ebenso
581 1235 639 1301 wie
671 1235 727 1299 der
755 1240 821 1299 rost
847 1235 884 1298 iu
913 1256 941 1299 v.
972 1235 1049 1319 151)
1078 1255 1142 1298 our
1176 1233 1326 1299 bilddiolee
1360 1234 1409 1298 be·

180 1337 356 1421 seuuemo
379 1339 437 1404 der
458 1340 686 1422 oerqessenbeit
708 1340 779 1405 uod
806 1340 1117 1423 omoooblrissiqooq.
1170 1339 1241 1406 Der
1268 1339 1409 1421 pedooke

183 1444 275 1541 ‘dein
297 1465 391 1510 horne
413 1451 501 1529 mdqe
524 1447 604 1511 neele
626 1448 663 1511 iu
685 1451 794 1528 spdter
816 1448 878 1512 seit
907 1448 944 1510 dn
973 1446 1271 1530 uovapunpliobem
1299 1447 1410 1511 rubrae

180 1541 329 1632 plebaea'
356 1551 399 1616 ist
420 1554 547 1635 negotio
571 1555 781 1636 ousqedrriokt
804 1555 946 1638 itemque
973 1555 1067 1620 Riese
1096 1556 1343 1638 interpretatum
1371 1554 1408 1619 de
1456 1589 1457 1642 p

183 1676 247 1739 qua
283 1659 543 1743 interpretatione
581 1681 778 1744 quamquam
814 1663 960 1745 probavit
986 1661 1148 1726 Baehrens
1186 1663 1253 1745 ipse
1282 1681 1314 1744 p.
1347 1668 1409 1726 505
1456 1643 1457 1690 ³

182 1763 327 1830 dubitare
351 1769 459 1833 tamen
482 1769 617 1833 videtur.

271 1872 355 1938 Nam
379 1876 480 1956 elegia
502 1875 558 1938 illa
580 1895 666 1940 nuno
688 1876 828 1958 primum
851 1876 969 1959 publioi
992 1876 1070 1939 iuris
1094 1875 1180 1939 faota
1194 1875 1271 1938 Allii
1294 1895 1410 1940 nomen

183 1978 370 2044 celebratur.
415 1981 541 2047 Iterum
571 1984 670 2064 igitur
700 2001 737 2052 ex
769 1983 843 2048 Allii
872 1983 1054 2047 laudatione
1085 1982 1204 2063 aliquid
1236 1983 1410 2065 repetitum

182 2083 247 2149 fere
270 2086 304 2149 in
328 2088 488 2170 epilogum
511 2089 713 2166 transfertur,
737 2091 820 2154 siout
843 2109 954 2154 versus
979 2089 1019 2152 ad
1049 2088 1182 2153 fratrem
1211 2090 1409 2170 pertinentes

181 2190 215 2254 in
237 2195 442 2275 prooemium.
489 2195 623 2274 Quando
648 2195 795 2262 Catullus
820 2199 852 2261 et
876 2196 1029 2278 quamdiu
1053 2198 1124 2260 tum
1147 2195 1293 2260 Veronae
1327 2216 1411 2261 oom-

181 2301 324 2364 moratus
349 2301 391 2364 sit
413 2303 564 2367 nescitur.
598 2302 762 2368 Baehrens
787 2322 860 2368 oum
883 2304 950 2367 veri
974 2301 1181 2366 similitudine
1198 2303 1314 2366 statuit
1339 2321 1412 2367 eum

182 2407 274 2470 annis
297 2405 362 2472 fere
387 2417 428 2474 60
453 2411 485 2473 et
509 2417 550 2476 59
581 2411 625 2474 ibi
654 2409 752 2474 fuisse
777 2410 815 2474 of.
838 2410 915 2493 prol.
947 2429 976 2493 p.
1008 2417 1063 2486 28,
1098 2410 1149 2473 eui
1177 2409 1314 2492 tempori
1349 2410 1411 2472 alia

182 2503 339 2593 quaedam
363 2533 413 2579 res
438 2518 593 2581 convenit.

271 2619 405 2684 Initium
428 2623 548 2705 elegiae
572 2645 600 2687 v.
624 2633 739 2705 disq:
787 2702 791 2709 Ι

360 2727 435 2793 Noa
452 2748 585 2810 possum
607 2730 747 2808 reticere,
772 2730 857 2808 deae,
880 2750 945 2811 quo
968 2750 1016 2793 me
1039 2728 1151 2793 Allius
1174 2729 1209 2790 du
1233 2749 1269 2791 re

404 2835 530 2900 lovere
552 2840 610 2900 aut
632 2836 765 2916 quamdis
787 2837 905 2901 iuuerit
927 2835 1120 2919 (emerita)
1144 2833 1270 2915 officiis.

181 2961 245 3005 nou
267 2942 403 3026 pendere
436 2944 501 3008 ullo
532 2943 624 3008 modo
656 2944 695 3008 ab
725 2944 863 3027 epistula
892 2942 1094 3025 praecedenti
1124 2941 1278 3016 vidimus3
1307 2960 1410 3024 neque

182 3048 268 3112 enim
290 3050 423 3115 retinere
447 3051 548 3114 voluit
571 3050 738 3115 haeoAllii
760 3049 863 3113 offioia
878 3068 941 3113 non
957 3050 1063 3125 Malia,
1087 3050 1143 3114 sed
1157 3049 1269 3113 Musis.
1305 3049 1410 3128 Quam

182 3155 268 3218 enim
290 3157 522 3221 beatitudinem
549 3157 583 3220 in
606 3157 747 3221 Lesbiae·
763 3174 869 3220 amore
893 3156 1059 3232 sentiebat
1082 3156 1161 3220 haee
1184 3174 1257 3219 eum
1281 3156 1410 3239 impulit

182 3259 224 3324 ad
246 3262 328 3326 hano
351 3263 486 3345 elegiam
503 3263 753 3348 componendam
767 3282 827 3328 neo
842 3265 951 3327 tamon
974 3280 1100 3327 omnem
1115 3261 1248 3326 iniuriae
1272 3262 1410 3326 alienam

181 3379 312 3432 uxorem
336 3369 511 3452 appetendo
535 3370 638 3434 saetae
662 3370 850 3434 memorium
867 3388 940 3434 eum
957 3369 1111 3445 amisisse,
1134 3369 1212 3432 haee
1227 3368 1299 3450 ipsa
1323 3371 1411 3452 pate·

179 3473 259 3538 fauit
282 3474 382 3557 elegia
406 3475 443 3540 of.
465 3476 581 3540 Baehr.
600 3479 679 3560 prol.
702 3498 732 3560 p.
757 3485 808 3542 ⁸27.
854 3479 900 3542 Ae
922 3479 1025 3541 morte
1048 3475 1156 3539 fratris
1180 3475 1258 3539 illud
1283 3494 1409 3557 quoque

183 3579 333 3646 effaetum
358 3600 427 3674 esse
451 3584 607 3661 convenit,
630 3585 668 3646 ut
690 3585 723 3648 in
754 3583 933 3648 adhibenda
959 3583 1068 3648 fabula
1097 3582 1292 3646 Laudamiae
1323 3601 1409 3648 seve·

184 3687 276 3752 rionis
299 3689 398 3753 animi
422 3689 687 3772 oogitationisque
710 3690 845 3771 vestigia
869 3692 1056 3772 sequeretur
1078 3689 1112 3752 iu
1134 3690 1196 3752 hao
1218 3689 1336 3752 amoris
1360 3688 1409 3752 sui

178 3793 334 3860 felioitate
359 3796 575 3873 desoribenda,
598 3797 658 3862 hoo
673 3799 742 3860 tam
764 3796 851 3860 tristi
874 3815 951 3861 oasu
975 3797 1185 3861 aleatoribus
1208 3796 1333 3860 lusibus
1357 3795 1410 3860 de·

180 3901 325 3983 lioiisque
351 3903 518 3968 abduotns.
565 3901 627 3968 Sed
651 3903 728 3967 dum
750 3903 883 3968 Lesbiae
909 3902 1044 3999 tfurtiua
1066 3903 1258 3968 munusoula
1281 3921 1319 3966 er
1342 3903 1409 3986 ipso

178 4007 312 4092 dempta
335 4011 393 4074 viri
417 3999 556 4093 gremio'
581 4011 623 4094 (v.
649 4010 779 4093 ldbsq.)
804 4010 929 4092 aliaque
953 4012 1194 4084 commemorat,
1216 4009 1249 4073 id
1281 4010 1410 4092 quidem

182 4131 315 4195 arguere
338 4116 465 4181 videtur
487 4119 559 4182 tum
581 4116 721 4200 primum
743 4117 871 4182 licuisse
895 4118 1030 4199 elegiam
1053 4117 1086 4179 in
1112 4116 1275 4198 publioum
1310 4117 1409 4190 edere,

182 4235 380 4300 quamquam
395 4223 460 4286 iam
476 4222 561 4286 laeta
582 4224 661 4287 erat.
690 4226 796 4304 Atque
812 4223 845 4286 id
868 4224 939 4286 tum
962 4221 1093 4286 demum
1116 4221 1145 4286 ei
1166 4222 1295 4286 liquisse
1312 4221 1410 4286 videri
