2928 4724
594 191 752 282 „⁷2-

58 390 93 434 ao
114 361 280 455 parentes'
305 376 463 452 nominat,
489 377 544 442 ubi.
571 367 750 474 tparentes’
780 380 819 444 19
841 382 1020 466 9919919999
1044 384 1201 449 matribus
1226 385 1288 450 dici

49 479 227 560 coniugum
256 483 377 547 mentio
407 484 503 548 antea
534 483 621 550 iacta
650 485 778 550 indicat.
823 485 927 569 Igitur
956 506 1020 552 999
1048 489 1180 573 frugifer
1204 509 1287 574 ager,

58 587 94 649 ut
116 585 171 649 ille
195 587 343 669 opinatus
368 591 424 666 est,
457 589 513 654 sed
537 591 699 657 honestior
722 593 853 674 virginis
883 597 1001 679 nuptae
1025 597 1164 661 condicio
1189 616 1288 680 quam

55 691 208 774 innuptae
239 693 291 758 hic
325 713 343 758 a
366 696 533 762 iuvenibus
556 698 769 780 praedicatur.
816 698 878 765 Sed
902 701 941 766 19
964 701 1015 766 119
1039 703 1162 767 199199
1190 706 1288 769 versi·

56 795 114 860 bus
140 806 182 863 57
208 797 240 861 91
265 808 307 866 58
332 802 406 866 stat'
466 821 523 867 suo
546 805 614 868 loco
637 804 863 888 disputabitur.

143 903 316 972 Praeterea
350 908 458 974 ecdem
491 909 567 972 ortis
601 910 703 994 primo
737 911 772 974 in
806 929 881 976 arvo
916 913 1058 978 solitaria
1091 917 1287 998 proponitur,

48 1009 168 1075 deinde
193 1013 280 1079 ulmo
304 1016 473 1089 maritata3
501 1017 643 1098 itemquo
667 1016 779 1082 eadem
802 1017 890 1098 virgo
914 1020 1016 1102 primo
1040 1021 1190 1104 innupta,
1214 1041 1287 1088 mox

53 1127 225 1191 conubium
259 1123 370 1194 naota;
400 1122 438 1185 de
468 1124 651 1187 senescente
674 1123 773 1205 igitur
796 1124 862 1188 sive
885 1123 923 1188 de
948 1143 1000 1202 ea,
1031 1145 1113 1207 quae
1137 1146 1218 1192 anus
1240 1128 1286 1205 fit,

47 1233 154 1297 oratio
179 1234 230 1296 est
251 1230 349 1294 99119.
380 1228 479 1292 Nulla
494 1228 592 1310 virgo,
616 1228 693 1293 dum
708 1229 846 1312 innupta
861 1233 980 1310 manet,
1004 1233 1129 1308 tamdiu
1143 1235 1285 1312 senescit,

48 1354 254 1420 »quamquam
286 1337 366 1400 natu
390 1335 492 1399 maior
514 1334 559 1398 fit.
607 1333 670 1400 Sed
705 1336 790 1400 enim
818 1337 889 1420 ipsa
918 1338 1071 1422 oppositio
1100 1340 1185 1403 inter
1214 1358 1286 1405 eam

52 1444 138 1509 iacta
163 1462 247 1525 quae
277 1442 411 1525 innupta
441 1440 575 1521 ideoque
599 1440 721 1505 inculta
744 1443 854 1506 manet
878 1444 911 1507 et
935 1444 1085 1522 eandem,
1113 1465 1195 1527 quae
1218 1465 1288 1511 ma·

53 1554 124 1614 1999
149 1552 293 1633 tempore
324 1549 389 1611 viro
413 1547 524 1630 nupsit
555 1546 690 1628 ideoque
714 1547 874 1612 oariorfit
896 1549 963 1614 9199
987 1553 1155 1634 matrique,
1178 1572 1288 1618 neces»

47 1658 134 1720 sario
167 1657 264 1738 cogit,
296 1657 333 1720 ut
357 1654 497 1729 dicatur,
528 1653 579 1718 oui
611 1654 655 1717 sit
686 1654 817 1718 inculta.
862 1655 948 1720 Talis
972 1675 1045 1722 vero
1077 1658 1204 1724 dativus
1227 1679 1287 1725 999

52 1763 142 1826 deest
172 1763 205 1825 in
229 1783 257 1825 v.
287 1769 329 1826 45
353 1760 486 1824 999119
517 1759 641 1824 deesse¹
659 1762 773 1844 potest.
818 1756 903 1843 Ergo
928 1763 1102 1828 absurdum
1133 1767 1183 1829 est
1204 1766 1286 1831 illud

51 1867 177 1932 inculta
205 1867 337 1932 99999911
366 1869 400 1931 91
428 1866 646 1949 reponendum
678 1866 876 1930 estimatio
898 1869 1049 1947 sciscat,
1078 1872 1162 1936 9919
1187 1891 1285 1954 quam

54 1977 146 2041 facile
173 1977 332 2058 scriptura
362 1975 418 2038 illa
440 1973 572 2038 99999911
595 1974 728 2038 9991999
752 1975 893 2058 99199911
916 1976 967 2040 vix
990 1996 1069 2060 opus
1093 1980 1143 2042 est
1166 1979 1286 2060 signifi·

48 2102 132 2147 care.
182 2082 379 2146 Pleitnerum
415 2080 543 2145 easdem
579 2080 816 2144 emendationes
849 2074 1011 2177 ‘innupta'
1050 2086 1082 2147 et
1112 2085 1194 2180 ι9919
1218 2073 1282 2150 est¹

52 2190 70 2251 l.
94 2209 119 2254 9.
146 2209 176 2271 9.
202 2198 253 2253 77.
278 2197 318 2252 79
344 2186 583 2250 commendasse
608 2186 698 2250 addo.

140 2295 213 2358 Iam
238 2295 265 2358 si
288 2294 347 2358 hoo
371 2293 557 2367 constiterit,
580 2292 735 2356 habemus
760 2313 831 2358 eam
854 2295 1081 2360 refutationem
1103 2298 1284 2380 puellarum

51 2404 285 2484 recuperatam,
318 2418 382 2481 qua
405 2403 444 2463 ut
467 2400 598 2464 iuvenes
622 2399 673 2463 usi
697 2401 763 2463 sint
785 2402 999 2484 responsionis
1023 2404 1091 2486 lege
1115 2404 1284 2486 efflagitari

49 2507 233 2590 putandum
257 2510 323 2580 est;
347 2507 527 2589 puellarum
552 2506 636 2570 enim
661 2507 820 2571 sententia
843 2511 876 2574 et
899 2527 1002 2574 sermo

184 2611 239 2677 Sic
262 2614 359 2695 sirpo,
384 2613 459 2676 dam
481 2611 606 2676 1919919
629 2617 744 2690 manet,
768 2612 845 2677 dum
867 2634 947 2678 cara
968 2616 1038 2680 9919
1060 2622 1105 2681 cst

47 2721 209 2803 excipitur
233 2721 411 2803 scripturae
435 2718 617 2782 necessaria
641 2720 832 2786 correctione
857 2721 1000 2786 adhibito
1023 2724 1082 2788 hoo
1105 2725 1214 2788 modo:

184 2824 239 2890 Sic
261 2827 358 2907 oirpo,
384 2826 460 2890 dum
483 2825 623 2904 1999919
646 2829 761 2902 morrei,
784 2825 861 2889 dom
884 2827 1008 2891 incutio
1030 2830 1175 2894 9919991.

141 2933 333 3013 Quintiliani
370 2933 468 3014 igitur
498 2932 717 2997 testimonium
755 2952 853 3016 supra
890 2935 1039 3013 allatum,
1074 2937 1158 3018 quod
1188 2939 1282 3002 antea

48 3043 183 3123 quidem
206 3061 265 3105 nec
289 3041 329 3104 91
352 3040 444 3103 illum
470 3057 597 3102 versum
620 3047 662 3104 45
687 3058 746 3104 neo
770 3039 810 3104 ad
833 3041 919 3106 hunc
942 3051 985 3107 16
1009 3043 1078 3107 1999
1101 3043 1283 3129 991999199-

50 3153 149 3224 uerat,
183 3148 350 3212 9999199
375 3165 468 3210 versu
499 3145 669 3210 emendato
690 3147 809 3210 erroris
834 3148 884 3211 sui
907 3148 1005 3213 habet
1028 3151 1281 3224 excusationem

47 3257 136 3318 certe
162 3254 308 3316 neutrius
332 3253 519 3318 memoriam
542 3255 690 3316 accurate
716 3254 860 3330 tradidit,
897 3254 953 3319 991
976 3256 1061 3337 quod
1085 3275 1122 3321 ex
1144 3261 1281 3341 utroque

51 3379 148 3424 versu
178 3363 303 3443 partem
327 3359 491 3423 dimidiam
523 3360 703 3441 excerptam
727 3359 904 3437 coniunxit,
935 3362 1031 3427 huius
1055 3364 1170 3429 erroris
1194 3366 1281 3447 origo

49 3485 123 3532 eam
147 3468 246 3532 habet
268 3468 336 3532 veri
359 3466 615 3542 similitudinem,
642 3465 761 3547 quaid
785 3467 1006 3534 testimonium
1029 3471 1173 3549 9999191,
1197 3471 1281 3553 quod

49 3576 157 3638 neutri
190 3575 296 3638 versui
325 3591 502 3655 congruens
532 3575 609 3636 9991.
656 3569 873 3649 Quintilianus
903 3574 1002 3656 igitur
1032 3578 1088 3640 aut
1116 3579 1184 3660 1999
1215 3597 1281 3642 me-

50 3682 153 3745 moria
183 3682 293 3763 lapsus
324 3681 442 3744 erravit
471 3682 529 3743 aut
558 3679 697 3742 alterum
724 3679 806 3742 illud
836 3679 958 3745 iactum
990 3701 1059 3748 esse
1088 3687 1208 3767 potest,
1243 3686 1281 3748 ut

49 3789 204 3868 quoniam
227 3788 266 3851 ab
290 3789 348 3852 199
372 3789 404 3851 91
428 3788 468 3851 91
487 3787 541 3850 1119
558 3803 652 3850 versu
676 3785 744 3850 eius
771 3805 849 3851 usus
873 3790 1076 3869 grammatici
1100 3792 1280 3874 exemplum

52 3898 160 3977 petere
184 3895 308 3971 licebat,
331 3895 389 3958 hos
415 3895 494 3959 duos
518 3894 603 3958 locos
627 3911 692 3956 una
707 3894 873 3958 adhiberet
898 3895 994 3990 ‘dum
1016 3897 1138 3961 intaeta
1160 3900 1279 3972 manet,

50 4003 129 4067 dum
154 4021 229 4067 cara
252 4003 319 4066 suis
335 3993 398 4066 est‘
426 4004 458 4067 et
476 4001 566 4096 tdum
582 4000 719 4083 1999919
734 4004 852 4079 manet,
875 4002 953 4066 dum
975 4003 1098 4068 inculta
1121 4005 1188 4068 9919
1205 3994 1279 4082 est’,

51 4111 105 4174 sed
129 4112 241 4193 postea
271 4129 309 4173 ea
339 4110 400 4173 duo
424 4109 607 4174 testimonia
628 4108 748 4172 librarii
771 4109 906 4174 alicuius
931 4110 1024 4193 culpa
1048 4112 1081 4174 in
1105 4113 1278 4196 archetypo

51 4217 82 4280 iu
106 4237 209 4282 unum
232 4219 533 4282 contaminarentur.
