<?xml version="1.0" encoding="UTF-8"?>
<!DOCTYPE html PUBLIC "-//W3C//DTD XHTML 1.0 Transitional//EN"
    "http://www.w3.org/TR/xhtml1/DTD/xhtml1-transitional.dtd">
<html xmlns="http://www.w3.org/1999/xhtml" xml:lang="en" lang="en">
 <head>
  <title>
</title>
<meta http-equiv="Content-Type" content="text/html;charset=utf-8" />
  <meta name='ocr-system' content='tesseract 3.04.00' />
  <meta name='ocr-capabilities' content='ocr_page ocr_carea ocr_par ocr_line ocrx_word'/>
</head>
<body>
  <div class='ocr_page' id='page_1' title='image "./quaestonescatul00webegoog_0017.png"; bbox 0 0 2928 4724; ppageno 0'>
   <div class='ocr_carea' id='block_1_1' title="bbox 779 173 797 228">
    <p class='ocr_par' dir='ltr' id='par_1_1' title="bbox 779 173 797 228">
     <span class='ocr_line' id='line_1_1' title="bbox 779 173 797 228; baseline 0 0"><span class='ocrx_word' id='word_1_1' title='bbox 779 173 797 228; x_wconf 81' lang='lat'><strong>2</strong></span> 
     </span>
    </p>
   </div>
   <div class='ocr_carea' id='block_1_2' title="bbox 710 254 870 264">
    <p class='ocr_par' dir='ltr' id='par_1_2' title="bbox 710 254 870 264">
     <span class='ocr_line' id='line_1_2' title="bbox 710 254 870 264; baseline -0.013 0"><span class='ocrx_word' id='word_1_2' title='bbox 710 254 870 264; x_wconf 70' lang='lat'><em>——-—-</em></span> 
     </span>
    </p>
   </div>
   <div class='ocr_carea' id='block_1_3' title="bbox 181 359 1422 1935">
    <p class='ocr_par' dir='ltr' id='par_1_3' title="bbox 181 359 1422 1172">
     <span class='ocr_line' id='line_1_3' title="bbox 182 359 1418 440; baseline -0.001 -13"><span class='ocrx_word' id='word_1_3' title='bbox 182 363 340 428; x_wconf 90' lang='lat' dir='ltr'>subduota</span> <span class='ocrx_word' id='word_1_4' title='bbox 367 364 403 426; x_wconf 82' lang='lat' dir='ltr'>A.</span> <span class='ocrx_word' id='word_1_5' title='bbox 425 362 530 426; x_wconf 90' lang='lat' dir='ltr'>Bonin</span> <span class='ocrx_word' id='word_1_6' title='bbox 560 379 669 425; x_wconf 89' lang='lat' dir='ltr'>earum</span> <span class='ocrx_word' id='word_1_7' title='bbox 703 360 934 424; x_wconf 90' lang='lat' dir='ltr'>sententiarum</span> <span class='ocrx_word' id='word_1_8' title='bbox 962 377 1063 440; x_wconf 90' lang='lat' dir='ltr'>usque</span> <span class='ocrx_word' id='word_1_9' title='bbox 1094 359 1134 422; x_wconf 92' lang='lat' dir='ltr'>ad</span> <span class='ocrx_word' id='word_1_10' title='bbox 1164 378 1285 423; x_wconf 88' lang='lat' dir='ltr'>annum</span> <span class='ocrx_word' id='word_1_11' title='bbox 1316 367 1418 426; x_wconf 86' lang='lat'>1885</span> 
     </span>
     <span class='ocr_line' id='line_1_4' title="bbox 181 465 1419 534; baseline -0.003 0"><span class='ocrx_word' id='word_1_12' title='bbox 181 488 352 534; x_wconf 90' lang='lat' dir='ltr'>numerum</span> <span class='ocrx_word' id='word_1_13' title='bbox 384 468 494 533; x_wconf 88' lang='lat' dir='ltr'>oonfiei</span> <span class='ocrx_word' id='word_1_14' title='bbox 521 466 732 531; x_wconf 80' lang='lat' dir='ltr'>undenarium</span> <span class='ocrx_word' id='word_1_15' title='bbox 761 465 880 530; x_wconf 88' lang='lat' dir='ltr'>indieat</span> <span class='ocrx_word' id='word_1_16' title='bbox 909 466 942 529; x_wconf 94' lang='lat' dir='ltr'>in</span> <span class='ocrx_word' id='word_1_17' title='bbox 975 465 1082 530; x_wconf 87' lang='lat' dir='ltr'>libello</span> <span class='ocrx_word' id='word_1_18' title='bbox 1117 465 1169 530; x_wconf 83' lang='lat' dir='ltr'>oui</span> <span class='ocrx_word' id='word_1_19' title='bbox 1202 465 1318 530; x_wconf 89' lang='lat' dir='ltr'>titulus</span> <span class='ocrx_word' id='word_1_20' title='bbox 1361 469 1419 530; x_wconf 89' lang='lat' dir='ltr'>est</span> 
     </span>
     <span class='ocr_line' id='line_1_5' title="bbox 190 569 1422 656; baseline -0.005 -14"><span class='ocrx_word' id='word_1_21' title='bbox 190 573 473 656; x_wconf 75' lang='lat' dir='ltr'>Ualersuebaapea</span> <span class='ocrx_word' id='word_1_22' title='bbox 506 573 583 638; x_wconf 79' lang='lat' dir='ltr'>older</span> <span class='ocrx_word' id='word_1_23' title='bbox 615 573 674 636; x_wconf 83' lang='lat' dir='ltr'>das</span> <span class='ocrx_word' id='word_1_24' title='bbox 705 575 755 638; x_wconf 80' lang='lat'>62.</span> <span class='ocrx_word' id='word_1_25' title='bbox 786 571 921 637; x_wconf 61' lang='lat' dir='ltr'>&amp;abacta</span> <span class='ocrx_word' id='word_1_26' title='bbox 953 590 1013 635; x_wconf 80' lang='lat' dir='ltr'>eoa</span> <span class='ocrx_word' id='word_1_27' title='bbox 1053 569 1168 636; x_wconf 68' lang='lat' dir='ltr'>ebali.</span> <span class='ocrx_word' id='word_1_28' title='bbox 1202 569 1315 653; x_wconf 74' lang='lat' dir='ltr'>Propo.</span> <span class='ocrx_word' id='word_1_29' title='bbox 1356 572 1422 636; x_wconf 77' lang='lat' dir='ltr'>des</span> 
     </span>
     <span class='ocr_line' id='line_1_6' title="bbox 183 679 1420 764; baseline -0.002 -18"><span class='ocrx_word' id='word_1_30' title='bbox 183 679 371 764; x_wconf 60' lang='lat' dir='ltr'>Reabpma.</span> <span class='ocrx_word' id='word_1_31' title='bbox 395 679 570 761; x_wconf 81' lang='lat' dir='ltr'>Bromberp</span> <span class='ocrx_word' id='word_1_32' title='bbox 595 688 679 746; x_wconf 85' lang='lat'>1885</span> <span class='ocrx_word' id='word_1_33' title='bbox 705 679 742 744; x_wconf 89' lang='lat' dir='ltr'>of.</span> <span class='ocrx_word' id='word_1_34' title='bbox 764 679 839 744; x_wconf 74' lang='lat' dir='ltr'>ibid,</span> <span class='ocrx_word' id='word_1_35' title='bbox 861 699 891 762; x_wconf 89' lang='lat' dir='ltr'>p.</span> <span class='ocrx_word' id='word_1_36' title='bbox 916 687 944 744; x_wconf 89' lang='lat'>9.</span> <span class='ocrx_word' id='word_1_37' title='bbox 989 679 1083 743; x_wconf 86' lang='lat' dir='ltr'>Nune</span> <span class='ocrx_word' id='word_1_38' title='bbox 1105 679 1204 760; x_wconf 84' lang='lat' dir='ltr'>igitur</span> <span class='ocrx_word' id='word_1_39' title='bbox 1227 698 1300 742; x_wconf 90' lang='lat' dir='ltr'>oum</span> <span class='ocrx_word' id='word_1_40' title='bbox 1322 680 1420 744; x_wconf 93' lang='lat' dir='ltr'>bono</span> 
     </span>
     <span class='ocr_line' id='line_1_7' title="bbox 185 785 1418 869; baseline -0.003 -15"><span class='ocrx_word' id='word_1_41' title='bbox 185 790 288 854; x_wconf 90' lang='lat' dir='ltr'>omine</span> <span class='ocrx_word' id='word_1_42' title='bbox 324 787 507 852; x_wconf 83' lang='lat' dir='ltr'>duodenarii</span> <span class='ocrx_word' id='word_1_43' title='bbox 547 788 672 850; x_wconf 89' lang='lat' dir='ltr'>numeri</span> <span class='ocrx_word' id='word_1_44' title='bbox 711 787 826 869; x_wconf 83' lang='lat' dir='ltr'>expleti</span> <span class='ocrx_word' id='word_1_45' title='bbox 866 785 1043 868; x_wconf 88' lang='lat' dir='ltr'>perieulum</span> <span class='ocrx_word' id='word_1_46' title='bbox 1081 785 1205 849; x_wconf 70' lang='lat' dir='ltr'>faciam,</span> <span class='ocrx_word' id='word_1_47' title='bbox 1261 787 1418 850; x_wconf 81' lang='lat' dir='ltr'>Tertium</span> 
     </span>
     <span class='ocr_line' id='line_1_8' title="bbox 185 892 1419 973; baseline -0.002 -14"><span class='ocrx_word' id='word_1_48' title='bbox 185 896 269 960; x_wconf 91' lang='lat' dir='ltr'>enim</span> <span class='ocrx_word' id='word_1_49' title='bbox 300 894 458 958; x_wconf 89' lang='lat' dir='ltr'>deoimum</span> <span class='ocrx_word' id='word_1_50' title='bbox 486 911 637 958; x_wconf 82' lang='lat' dir='ltr'>conamen</span> <span class='ocrx_word' id='word_1_51' title='bbox 666 910 734 957; x_wconf 92' lang='lat' dir='ltr'>sero</span> <span class='ocrx_word' id='word_1_52' title='bbox 761 892 841 956; x_wconf 91' lang='lat' dir='ltr'>mihi</span> <span class='ocrx_word' id='word_1_53' title='bbox 868 892 1046 973; x_wconf 76' lang='lat' dir='ltr'>cognitum,</span> <span class='ocrx_word' id='word_1_54' title='bbox 1081 892 1165 972; x_wconf 93' lang='lat' dir='ltr'>quod</span> <span class='ocrx_word' id='word_1_55' title='bbox 1191 893 1241 956; x_wconf 84' lang='lat' dir='ltr'>Fr.</span> <span class='ocrx_word' id='word_1_56' title='bbox 1268 893 1419 957; x_wconf 90' lang='lat' dir='ltr'>Hermes</span> 
     </span>
     <span class='ocr_line' id='line_1_9' title="bbox 186 995 1419 1084; baseline -0.002 -18"><span class='ocrx_word' id='word_1_57' title='bbox 186 1001 323 1066; x_wconf 84' lang='lat' dir='ltr'>tentarit</span> <span class='ocrx_word' id='word_1_58' title='bbox 336 1000 374 1064; x_wconf 88' lang='lat' dir='ltr'>of.</span> <span class='ocrx_word' id='word_1_59' title='bbox 385 997 497 1080; x_wconf 71' lang='lat' dir='ltr'>Prope.</span> <span class='ocrx_word' id='word_1_60' title='bbox 510 998 564 1062; x_wconf 82' lang='lat' dir='ltr'>des</span> <span class='ocrx_word' id='word_1_61' title='bbox 570 997 772 1062; x_wconf 62' lang='grc' dir='ltr'><strong>1411εά11111-</strong></span> <span class='ocrx_word' id='word_1_62' title='bbox 778 995 892 1084; x_wconf 76' lang='lat' dir='ltr'>Gpraa.</span> <span class='ocrx_word' id='word_1_63' title='bbox 900 995 1084 1078; x_wconf 73' lang='lat' dir='ltr'>Fraubfari</span> <span class='ocrx_word' id='word_1_64' title='bbox 1094 1017 1124 1060; x_wconf 85' lang='lat' dir='ltr'>a.</span> <span class='ocrx_word' id='word_1_65' title='bbox 1135 995 1169 1061; x_wconf 88' lang='lat'>0.</span> <span class='ocrx_word' id='word_1_66' title='bbox 1187 1006 1271 1064; x_wconf 83' lang='lat'>1889</span> <span class='ocrx_word' id='word_1_67' title='bbox 1288 1019 1318 1082; x_wconf 90' lang='lat' dir='ltr'>p.</span> <span class='ocrx_word' id='word_1_68' title='bbox 1328 1000 1419 1076; x_wconf 75' lang='lat' dir='ltr'>ref,</span> 
     </span>
     <span class='ocr_line' id='line_1_10' title="bbox 185 1108 444 1172; baseline -0.012 0"><span class='ocrx_word' id='word_1_69' title='bbox 185 1108 362 1172; x_wconf 79' lang='lat' dir='ltr'>infaustum</span> <span class='ocrx_word' id='word_1_70' title='bbox 386 1110 444 1171; x_wconf 92' lang='lat' dir='ltr'>est.</span> 
     </span>
    </p>

    <p class='ocr_par' dir='ltr' id='par_1_4' title="bbox 185 1209 1419 1935">
     <span class='ocr_line' id='line_1_11' title="bbox 273 1209 1419 1295; baseline -0.002 -17"><span class='ocrx_word' id='word_1_71' title='bbox 273 1215 339 1278; x_wconf 82' lang='lat' dir='ltr'>Eae</span> <span class='ocrx_word' id='word_1_72' title='bbox 363 1215 471 1276; x_wconf 90' lang='lat' dir='ltr'>autem</span> <span class='ocrx_word' id='word_1_73' title='bbox 492 1211 705 1275; x_wconf 80' lang='lat' dir='ltr'>dubitationes</span> <span class='ocrx_word' id='word_1_74' title='bbox 727 1209 864 1274; x_wconf 86' lang='lat' dir='ltr'>maxime</span> <span class='ocrx_word' id='word_1_75' title='bbox 886 1210 1048 1292; x_wconf 74' lang='lat' dir='ltr'>pertinent</span> <span class='ocrx_word' id='word_1_76' title='bbox 1070 1211 1111 1274; x_wconf 88' lang='lat' dir='ltr'>ad</span> <span class='ocrx_word' id='word_1_77' title='bbox 1140 1229 1192 1276; x_wconf 88' lang='lat' dir='ltr'>eos</span> <span class='ocrx_word' id='word_1_78' title='bbox 1217 1214 1330 1277; x_wconf 80' lang='lat' dir='ltr'>santus</span> <span class='ocrx_word' id='word_1_79' title='bbox 1356 1215 1419 1295; x_wconf 89' lang='lat' dir='ltr'>qui</span> 
     </span>
     <span class='ocr_line' id='line_1_12' title="bbox 185 1316 1419 1400; baseline -0.001 -15"><span class='ocrx_word' id='word_1_80' title='bbox 185 1321 329 1385; x_wconf 85' lang='lat' dir='ltr'>versibus</span> <span class='ocrx_word' id='word_1_81' title='bbox 355 1320 718 1384; x_wconf 79' lang='grc'><strong>11-191159-66</strong></span> <span class='ocrx_word' id='word_1_82' title='bbox 750 1316 951 1380; x_wconf 85' lang='lat' dir='ltr'>eontinentur</span> <span class='ocrx_word' id='word_1_83' title='bbox 980 1319 1012 1380; x_wconf 86' lang='lat' dir='ltr'>et</span> <span class='ocrx_word' id='word_1_84' title='bbox 1043 1318 1097 1398; x_wconf 92' lang='lat' dir='ltr'>qui</span> <span class='ocrx_word' id='word_1_85' title='bbox 1120 1319 1214 1400; x_wconf 85' lang='lat' dir='ltr'>vulgo</span> <span class='ocrx_word' id='word_1_86' title='bbox 1238 1318 1419 1384; x_wconf 87' lang='lat' dir='ltr'>iuvenibus</span> 
     </span>
     <span class='ocr_line' id='line_1_13' title="bbox 185 1423 1418 1506; baseline -0.001 -16"><span class='ocrx_word' id='word_1_87' title='bbox 185 1427 380 1490; x_wconf 86' lang='lat' dir='ltr'>tribuuntur.</span> <span class='ocrx_word' id='word_1_88' title='bbox 424 1425 467 1488; x_wconf 81' lang='lat' dir='ltr'>Et</span> <span class='ocrx_word' id='word_1_89' title='bbox 498 1423 648 1506; x_wconf 88' lang='lat' dir='ltr'>qnoniam</span> <span class='ocrx_word' id='word_1_90' title='bbox 677 1441 787 1488; x_wconf 88' lang='lat' dir='ltr'>versus</span> <span class='ocrx_word' id='word_1_91' title='bbox 812 1429 910 1487; x_wconf 83' lang='lat'>1-5</span> <span class='ocrx_word' id='word_1_92' title='bbox 935 1425 968 1487; x_wconf 90' lang='lat' dir='ltr'>et</span> <span class='ocrx_word' id='word_1_93' title='bbox 989 1441 1099 1488; x_wconf 87' lang='lat' dir='ltr'>versus</span> <span class='ocrx_word' id='word_1_94' title='bbox 1125 1431 1241 1490; x_wconf 83' lang='lat'>6-10</span> <span class='ocrx_word' id='word_1_95' title='bbox 1264 1425 1352 1490; x_wconf 86' lang='lat' dir='ltr'>inter</span> <span class='ocrx_word' id='word_1_96' title='bbox 1379 1445 1418 1489; x_wconf 89' lang='lat' dir='ltr'>se</span> 
     </span>
     <span class='ocr_line' id='line_1_14' title="bbox 187 1529 1417 1615; baseline -0.001 -18"><span class='ocrx_word' id='word_1_97' title='bbox 187 1532 389 1615; x_wconf 87' lang='lat' dir='ltr'>respondent,</span> <span class='ocrx_word' id='word_1_98' title='bbox 413 1531 468 1612; x_wconf 88' lang='lat' dir='ltr'>qui</span> <span class='ocrx_word' id='word_1_99' title='bbox 490 1530 531 1594; x_wconf 90' lang='lat' dir='ltr'>ad</span> <span class='ocrx_word' id='word_1_100' title='bbox 554 1530 660 1594; x_wconf 91' lang='lat' dir='ltr'>omnia</span> <span class='ocrx_word' id='word_1_101' title='bbox 675 1529 913 1610; x_wconf 88' lang='lat' dir='ltr'>inaequalitatis</span> <span class='ocrx_word' id='word_1_102' title='bbox 937 1530 1103 1594; x_wconf 78' lang='lat' dir='ltr'>cuiusdam</span> <span class='ocrx_word' id='word_1_103' title='bbox 1124 1530 1324 1596; x_wconf 78' lang='lat' dir='ltr'>incommoda</span> <span class='ocrx_word' id='word_1_104' title='bbox 1349 1534 1417 1596; x_wconf 89' lang='lat' dir='ltr'>tol-</span> 
     </span>
     <span class='ocr_line' id='line_1_15' title="bbox 186 1636 1416 1718; baseline 0 -14"><span class='ocrx_word' id='word_1_105' title='bbox 186 1639 281 1706; x_wconf 87' lang='lat' dir='ltr'>lenda</span> <span class='ocrx_word' id='word_1_106' title='bbox 303 1637 443 1702; x_wconf 88' lang='lat' dir='ltr'>remedia</span> <span class='ocrx_word' id='word_1_107' title='bbox 467 1637 654 1718; x_wconf 88' lang='lat' dir='ltr'>quaesiveru</span> <span class='ocrx_word' id='word_1_108' title='bbox 677 1638 692 1700; x_wconf 89' lang='grc'>1</span> <span class='ocrx_word' id='word_1_109' title='bbox 714 1636 914 1718; x_wconf 87' lang='lat' dir='ltr'>interpretes,</span> <span class='ocrx_word' id='word_1_110' title='bbox 942 1637 1138 1700; x_wconf 81' lang='lat' dir='ltr'>contendunt</span> <span class='ocrx_word' id='word_1_111' title='bbox 1160 1656 1270 1702; x_wconf 85' lang='lat' dir='ltr'>versus</span> <span class='ocrx_word' id='word_1_112' title='bbox 1297 1646 1416 1704; x_wconf 86' lang='lat'>1—19</span> 
     </span>
     <span class='ocr_line' id='line_1_16' title="bbox 186 1733 1417 1828; baseline 0 -20"><span class='ocrx_word' id='word_1_113' title='bbox 186 1745 339 1828; x_wconf 84' lang='lat' dir='ltr'>prooemii</span> <span class='ocrx_word' id='word_1_114' title='bbox 361 1745 465 1808; x_wconf 89' lang='lat' dir='ltr'>looum</span> <span class='ocrx_word' id='word_1_115' title='bbox 488 1744 606 1819; x_wconf 90' lang='lat' dir='ltr'>tenere,</span> <span class='ocrx_word' id='word_1_116' title='bbox 630 1743 720 1806; x_wconf 90' lang='lat' dir='ltr'>ouius</span> <span class='ocrx_word' id='word_1_117' title='bbox 743 1760 817 1824; x_wconf 92' lang='lat' dir='ltr'>pars</span> <span class='ocrx_word' id='word_1_118' title='bbox 842 1743 943 1806; x_wconf 89' lang='lat' dir='ltr'>altera</span> <span class='ocrx_word' id='word_1_119' title='bbox 964 1743 984 1805; x_wconf 92' lang='lat' dir='ltr'>i.</span> <span class='ocrx_word' id='word_1_120' title='bbox 1008 1761 1034 1806; x_wconf 91' lang='grc'>1.</span> <span class='ocrx_word' id='word_1_121' title='bbox 1057 1733 1167 1808; x_wconf 81' lang='lat' dir='ltr'>uersus</span> <span class='ocrx_word' id='word_1_122' title='bbox 1193 1753 1322 1811; x_wconf 86' lang='lat'>11-19</span> <span class='ocrx_word' id='word_1_123' title='bbox 1360 1747 1417 1810; x_wconf 87' lang='lat' dir='ltr'>vol</span> 
     </span>
     <span class='ocr_line' id='line_1_17' title="bbox 186 1849 1418 1935; baseline 0 -19"><span class='ocrx_word' id='word_1_124' title='bbox 186 1852 285 1935; x_wconf 87' lang='lat' dir='ltr'>priori</span> <span class='ocrx_word' id='word_1_125' title='bbox 313 1851 382 1914; x_wconf 84' lang='grc'>11.</span> <span class='ocrx_word' id='word_1_126' title='bbox 411 1851 555 1914; x_wconf 88' lang='lat' dir='ltr'>versibus</span> <span class='ocrx_word' id='word_1_127' title='bbox 580 1857 679 1915; x_wconf 82' lang='lat'>1-5</span> <span class='ocrx_word' id='word_1_128' title='bbox 707 1869 780 1912; x_wconf 90' lang='lat' dir='ltr'>oum</span> <span class='ocrx_word' id='word_1_129' title='bbox 807 1849 950 1912; x_wconf 85' lang='lat' dir='ltr'>versibus</span> <span class='ocrx_word' id='word_1_130' title='bbox 980 1858 1098 1916; x_wconf 84' lang='lat'>6-10</span> <span class='ocrx_word' id='word_1_131' title='bbox 1129 1852 1334 1934; x_wconf 89' lang='lat' dir='ltr'>respondeat,</span> <span class='ocrx_word' id='word_1_132' title='bbox 1374 1856 1418 1916; x_wconf 92' lang='lat' dir='ltr'>ut</span> 
     </span>
    </p>
   </div>
   <div class='ocr_carea' id='block_1_4' title="bbox 57 1956 1417 2054">
    <p class='ocr_par' dir='ltr' id='par_1_5' title="bbox 57 1956 1417 2054">
     <span class='ocr_line' id='line_1_18' title="bbox 57 1956 1417 2054; baseline 0.001 -33"><span class='ocrx_word' id='word_1_133' title='bbox 57 2046 64 2054; x_wconf 14' lang='grc' dir='ltr'>κ</span> <span class='ocrx_word' id='word_1_134' title='bbox 188 1958 382 2022; x_wconf 90' lang='lat' dir='ltr'>Baehrensio</span> <span class='ocrx_word' id='word_1_135' title='bbox 407 1975 533 2038; x_wconf 91' lang='lat' dir='ltr'>quoque</span> <span class='ocrx_word' id='word_1_136' title='bbox 557 1956 683 2020; x_wconf 86' lang='lat' dir='ltr'>ridetur</span> <span class='ocrx_word' id='word_1_137' title='bbox 705 1956 739 2018; x_wconf 93' lang='lat' dir='ltr'>in</span> <span class='ocrx_word' id='word_1_138' title='bbox 763 1958 968 2020; x_wconf 88' lang='lat' dir='ltr'>oommentar.</span> <span class='ocrx_word' id='word_1_139' title='bbox 990 1976 1020 2039; x_wconf 94' lang='lat' dir='ltr'>p.</span> <span class='ocrx_word' id='word_1_140' title='bbox 1045 1965 1123 2035; x_wconf 84' lang='grc'><strong>334,</strong></span> <span class='ocrx_word' id='word_1_141' title='bbox 1152 1959 1204 2022; x_wconf 85' lang='lat' dir='ltr'>rel</span> <span class='ocrx_word' id='word_1_142' title='bbox 1226 1959 1316 2041; x_wconf 90' lang='lat' dir='ltr'>epodi</span> <span class='ocrx_word' id='word_1_143' title='bbox 1340 1961 1417 2024; x_wconf 90' lang='lat' dir='ltr'>looo</span> 
     </span>
    </p>
   </div>
   <div class='ocr_carea' id='block_1_5' title="bbox 188 2063 1457 4166">
    <p class='ocr_par' dir='ltr' id='par_1_6' title="bbox 188 2063 1418 2361">
     <span class='ocr_line' id='line_1_19' title="bbox 190 2063 1418 2146; baseline 0.002 -18"><span class='ocrx_word' id='word_1_144' title='bbox 190 2064 319 2129; x_wconf 84' lang='lat' dir='ltr'>aeeedat</span> <span class='ocrx_word' id='word_1_145' title='bbox 346 2063 386 2128; x_wconf 87' lang='lat' dir='ltr'>ad</span> <span class='ocrx_word' id='word_1_146' title='bbox 411 2063 550 2146; x_wconf 88' lang='lat' dir='ltr'>priorem</span> <span class='ocrx_word' id='word_1_147' title='bbox 576 2066 716 2146; x_wconf 91' lang='lat' dir='ltr'>partem,</span> <span class='ocrx_word' id='word_1_148' title='bbox 752 2063 833 2126; x_wconf 85' lang='lat' dir='ltr'>siout</span> <span class='ocrx_word' id='word_1_149' title='bbox 860 2081 972 2126; x_wconf 92' lang='lat' dir='ltr'>rursus</span> <span class='ocrx_word' id='word_1_150' title='bbox 1004 2065 1109 2128; x_wconf 88' lang='lat' dir='ltr'>totum</span> <span class='ocrx_word' id='word_1_151' title='bbox 1143 2083 1271 2130; x_wconf 74' lang='lat' dir='ltr'>carmen</span> <span class='ocrx_word' id='word_1_152' title='bbox 1305 2066 1418 2130; x_wconf 90' lang='lat' dir='ltr'>denuo</span> 
     </span>
     <span class='ocr_line' id='line_1_20' title="bbox 190 2169 1417 2252; baseline 0.001 -17"><span class='ocrx_word' id='word_1_153' title='bbox 190 2172 405 2252; x_wconf 82' lang='lat' dir='ltr'>subsequatur</span> <span class='ocrx_word' id='word_1_154' title='bbox 428 2169 544 2252; x_wconf 88' lang='lat' dir='ltr'>epodos</span> <span class='ocrx_word' id='word_1_155' title='bbox 568 2169 669 2233; x_wconf 88' lang='lat' dir='ltr'>altera</span> <span class='ocrx_word' id='word_1_156' title='bbox 692 2169 711 2230; x_wconf 97' lang='grc'>1.</span> <span class='ocrx_word' id='word_1_157' title='bbox 735 2187 761 2232; x_wconf 89' lang='grc'>1.</span> <span class='ocrx_word' id='word_1_158' title='bbox 783 2187 894 2232; x_wconf 88' lang='lat' dir='ltr'>versus</span> <span class='ocrx_word' id='word_1_159' title='bbox 919 2176 1062 2247; x_wconf 85' lang='lat'>59—66,</span> <span class='ocrx_word' id='word_1_160' title='bbox 1086 2171 1169 2251; x_wconf 92' lang='lat' dir='ltr'>quod</span> <span class='ocrx_word' id='word_1_161' title='bbox 1187 2170 1222 2236; x_wconf 91' lang='grc' dir='ltr'>Ο.</span> <span class='ocrx_word' id='word_1_162' title='bbox 1237 2173 1417 2237; x_wconf 86' lang='lat' dir='ltr'>Ribbeakio</span> 
     </span>
     <span class='ocr_line' id='line_1_21' title="bbox 188 2273 1212 2361; baseline -0.001 -20"><span class='ocrx_word' id='word_1_163' title='bbox 188 2278 295 2361; x_wconf 91' lang='lat' dir='ltr'>plaoet</span> <span class='ocrx_word' id='word_1_164' title='bbox 318 2275 355 2340; x_wconf 89' lang='lat' dir='ltr'>of.</span> <span class='ocrx_word' id='word_1_165' title='bbox 381 2275 563 2340; x_wconf 76' lang='lat' dir='ltr'>Gesobiobte</span> <span class='ocrx_word' id='word_1_166' title='bbox 585 2274 641 2338; x_wconf 80' lang='lat' dir='ltr'>der</span> <span class='ocrx_word' id='word_1_167' title='bbox 663 2273 839 2338; x_wconf 80' lang='lat' dir='ltr'>rdmioebea</span> <span class='ocrx_word' id='word_1_168' title='bbox 861 2273 1024 2357; x_wconf 80' lang='lat' dir='ltr'>Diebtuap</span> <span class='ocrx_word' id='word_1_169' title='bbox 1046 2276 1063 2340; x_wconf 95' lang='lat' dir='ltr'>I</span> <span class='ocrx_word' id='word_1_170' title='bbox 1085 2297 1114 2359; x_wconf 94' lang='lat' dir='ltr'>p.</span> <span class='ocrx_word' id='word_1_171' title='bbox 1138 2285 1212 2342; x_wconf 79' lang='lat'><strong>327.</strong></span> 
     </span>
    </p>

    <p class='ocr_par' dir='ltr' id='par_1_7' title="bbox 192 2382 1457 3315">
     <span class='ocr_line' id='line_1_22' title="bbox 279 2382 1416 2463; baseline 0.001 -16"><span class='ocrx_word' id='word_1_172' title='bbox 279 2383 343 2447; x_wconf 88' lang='lat' dir='ltr'>Alii</span> <span class='ocrx_word' id='word_1_173' title='bbox 366 2386 473 2447; x_wconf 87' lang='lat' dir='ltr'>antem</span> <span class='ocrx_word' id='word_1_174' title='bbox 488 2383 639 2446; x_wconf 86' lang='lat' dir='ltr'>iuvenum</span> <span class='ocrx_word' id='word_1_175' title='bbox 656 2382 793 2446; x_wconf 88' lang='lat' dir='ltr'>alterum</span> <span class='ocrx_word' id='word_1_176' title='bbox 809 2383 948 2459; x_wconf 89' lang='lat' dir='ltr'>eantum,</span> <span class='ocrx_word' id='word_1_177' title='bbox 972 2401 1034 2463; x_wconf 91' lang='lat' dir='ltr'>quo</span> <span class='ocrx_word' id='word_1_178' title='bbox 1050 2385 1155 2447; x_wconf 86' lang='lat' dir='ltr'>totum</span> <span class='ocrx_word' id='word_1_179' title='bbox 1179 2403 1306 2448; x_wconf 89' lang='lat' dir='ltr'>oarmen</span> <span class='ocrx_word' id='word_1_180' title='bbox 1322 2386 1416 2450; x_wconf 88' lang='lat' dir='ltr'>elau-</span> 
     </span>
     <span class='ocr_line' id='line_1_23' title="bbox 192 2488 1417 2574; baseline -0.001 -20"><span class='ocrx_word' id='word_1_181' title='bbox 192 2490 295 2567; x_wconf 77' lang='grc'><strong>111111,</strong></span> <span class='ocrx_word' id='word_1_182' title='bbox 319 2509 392 2554; x_wconf 87' lang='lat' dir='ltr'>oum</span> <span class='ocrx_word' id='word_1_183' title='bbox 415 2490 509 2554; x_wconf 89' lang='lat' dir='ltr'>unius</span> <span class='ocrx_word' id='word_1_184' title='bbox 533 2507 643 2552; x_wconf 86' lang='lat' dir='ltr'>versus</span> <span class='ocrx_word' id='word_1_185' title='bbox 667 2489 783 2552; x_wconf 89' lang='lat' dir='ltr'>laouna</span> <span class='ocrx_word' id='word_1_186' title='bbox 807 2488 1040 2571; x_wconf 88' lang='lat' dir='ltr'>antistropham</span> <span class='ocrx_word' id='word_1_187' title='bbox 1070 2507 1138 2553; x_wconf 87' lang='lat' dir='ltr'>esso</span> <span class='ocrx_word' id='word_1_188' title='bbox 1162 2491 1273 2555; x_wconf 84' lang='lat' dir='ltr'>volunt</span> <span class='ocrx_word' id='word_1_189' title='bbox 1295 2493 1417 2574; x_wconf 89' lang='lat' dir='ltr'>prioris</span> 
     </span>
     <span class='ocr_line' id='line_1_24' title="bbox 193 2597 1418 2676; baseline 0.001 -15"><span class='ocrx_word' id='word_1_190' title='bbox 193 2598 307 2661; x_wconf 83' lang='lat' dir='ltr'>santus</span> <span class='ocrx_word' id='word_1_191' title='bbox 330 2597 350 2659; x_wconf 94' lang='grc'>1.</span> <span class='ocrx_word' id='word_1_192' title='bbox 374 2615 399 2660; x_wconf 88' lang='grc'>1.</span> <span class='ocrx_word' id='word_1_193' title='bbox 422 2614 533 2660; x_wconf 86' lang='lat' dir='ltr'>versus</span> <span class='ocrx_word' id='word_1_194' title='bbox 558 2602 701 2660; x_wconf 79' lang='lat'>59-66</span> <span class='ocrx_word' id='word_1_195' title='bbox 726 2613 877 2659; x_wconf 82' lang='lat' dir='ltr'>versuum</span> <span class='ocrx_word' id='word_1_196' title='bbox 902 2604 1057 2673; x_wconf 85' lang='lat'>11-19,</span> <span class='ocrx_word' id='word_1_197' title='bbox 1081 2615 1215 2676; x_wconf 89' lang='lat' dir='ltr'>quorum</span> <span class='ocrx_word' id='word_1_198' title='bbox 1239 2616 1418 2662; x_wconf 88' lang='lat' dir='ltr'>enumero</span> 
     </span>
     <span class='ocr_line' id='line_1_25' title="bbox 192 2701 1417 2788; baseline 0.001 -21"><span class='ocrx_word' id='word_1_199' title='bbox 192 2703 319 2768; x_wconf 92' lang='lat' dir='ltr'>nomino</span> <span class='ocrx_word' id='word_1_200' title='bbox 345 2701 382 2766; x_wconf 80' lang='lat' dir='ltr'>G.</span> <span class='ocrx_word' id='word_1_201' title='bbox 404 2702 640 2778; x_wconf 81' lang='lat' dir='ltr'>Romanunm,</span> <span class='ocrx_word' id='word_1_202' title='bbox 669 2701 759 2765; x_wconf 89' lang='lat' dir='ltr'>ouius</span> <span class='ocrx_word' id='word_1_203' title='bbox 783 2702 975 2766; x_wconf 89' lang='lat' dir='ltr'>sententiam</span> <span class='ocrx_word' id='word_1_204' title='bbox 997 2703 1031 2765; x_wconf 92' lang='lat' dir='ltr'>in</span> <span class='ocrx_word' id='word_1_205' title='bbox 1055 2721 1189 2767; x_wconf 81' lang='lat' dir='ltr'>sensura</span> <span class='ocrx_word' id='word_1_206' title='bbox 1211 2703 1254 2766; x_wconf 86' lang='lat' dir='ltr'>ll.</span> <span class='ocrx_word' id='word_1_207' title='bbox 1277 2705 1417 2788; x_wconf 90' lang='lat' dir='ltr'>Hauptii</span> 
     </span>
     <span class='ocr_line' id='line_1_26' title="bbox 195 2807 1418 2891; baseline 0.003 -19"><span class='ocrx_word' id='word_1_208' title='bbox 195 2809 419 2891; x_wconf 85' lang='lat' dir='ltr'>quaestionum</span> <span class='ocrx_word' id='word_1_209' title='bbox 457 2807 711 2872; x_wconf 82' lang='lat' dir='ltr'>Catullianarum</span> <span class='ocrx_word' id='word_1_210' title='bbox 757 2807 930 2872; x_wconf 74' lang='lat' dir='ltr'>indicatam</span> <span class='ocrx_word' id='word_1_211' title='bbox 966 2809 1000 2872; x_wconf 91' lang='lat' dir='ltr'>iu</span> <span class='ocrx_word' id='word_1_212' title='bbox 1030 2809 1139 2872; x_wconf 87' lang='lat' dir='ltr'>Jahnii</span> <span class='ocrx_word' id='word_1_213' title='bbox 1177 2812 1280 2874; x_wconf 88' lang='lat' dir='ltr'>annal.</span> <span class='ocrx_word' id='word_1_214' title='bbox 1317 2811 1418 2876; x_wconf 86' lang='lat' dir='ltr'><strong>XXII</strong></span> 
     </span>
     <span class='ocr_line' id='line_1_27' title="bbox 192 2913 1415 2999; baseline -0.002 -19"><span class='ocrx_word' id='word_1_215' title='bbox 192 2936 223 2999; x_wconf 89' lang='lat' dir='ltr'>p.</span> <span class='ocrx_word' id='word_1_216' title='bbox 249 2921 433 2980; x_wconf 79' lang='lat' dir='ltr'>aot—309</span> <span class='ocrx_word' id='word_1_217' title='bbox 463 2916 575 2997; x_wconf 83' lang='lat' dir='ltr'>postea</span> <span class='ocrx_word' id='word_1_218' title='bbox 598 2914 641 2978; x_wconf 89' lang='lat' dir='ltr'>M.</span> <span class='ocrx_word' id='word_1_219' title='bbox 664 2913 776 2996; x_wconf 86' lang='lat' dir='ltr'>Haupt</span> <span class='ocrx_word' id='word_1_220' title='bbox 797 2913 866 2997; x_wconf 91' lang='lat' dir='ltr'>ipse</span> <span class='ocrx_word' id='word_1_221' title='bbox 889 2914 1092 2978; x_wconf 80' lang='lat' dir='ltr'>Lachmanno</span> <span class='ocrx_word' id='word_1_222' title='bbox 1116 2917 1349 2981; x_wconf 78' lang='lat' dir='ltr'>commendavit</span> <span class='ocrx_word' id='word_1_223' title='bbox 1374 2918 1415 2981; x_wconf 85' lang='lat' dir='ltr'>af.</span> 
     </span>
     <span class='ocr_line' id='line_1_28' title="bbox 194 3019 1417 3104; baseline 0 -19"><span class='ocrx_word' id='word_1_224' title='bbox 194 3021 282 3104; x_wconf 88' lang='lat' dir='ltr'>opl</span> <span class='ocrx_word' id='word_1_225' title='bbox 309 3041 339 3103; x_wconf 93' lang='lat' dir='ltr'>p.</span> <span class='ocrx_word' id='word_1_226' title='bbox 363 3026 414 3086; x_wconf 79' lang='lat'>35.</span> <span class='ocrx_word' id='word_1_227' title='bbox 462 3019 524 3084; x_wconf 83' lang='lat' dir='ltr'>Sed</span> <span class='ocrx_word' id='word_1_228' title='bbox 553 3039 626 3084; x_wconf 89' lang='lat' dir='ltr'>eum</span> <span class='ocrx_word' id='word_1_229' title='bbox 654 3020 767 3084; x_wconf 81' lang='lat' dir='ltr'>inserti</span> <span class='ocrx_word' id='word_1_230' title='bbox 795 3021 934 3085; x_wconf 87' lang='lat' dir='ltr'>ambitus</span> <span class='ocrx_word' id='word_1_231' title='bbox 964 3022 1079 3084; x_wconf 90' lang='lat' dir='ltr'>laouna</span> <span class='ocrx_word' id='word_1_232' title='bbox 1105 3024 1186 3103; x_wconf 88' lang='lat' dir='ltr'>post·</span> <span class='ocrx_word' id='word_1_233' title='bbox 1204 3042 1243 3087; x_wconf 78' lang='grc'>1.·</span> <span class='ocrx_word' id='word_1_234' title='bbox 1257 3029 1298 3088; x_wconf 84' lang='grc'>58</span> <span class='ocrx_word' id='word_1_235' title='bbox 1326 3023 1417 3087; x_wconf 83' lang='lat' dir='ltr'>faeta</span> 
     </span>
     <span class='ocr_line' id='line_1_29' title="bbox 195 3126 1418 3212; baseline -0.001 -20"><span class='ocrx_word' id='word_1_236' title='bbox 195 3128 312 3192; x_wconf 88' lang='lat' dir='ltr'>amisso</span> <span class='ocrx_word' id='word_1_237' title='bbox 339 3126 433 3191; x_wconf 89' lang='lat' dir='ltr'>alioui</span> <span class='ocrx_word' id='word_1_238' title='bbox 461 3127 641 3209; x_wconf 87' lang='lat' dir='ltr'>puellarum</span> <span class='ocrx_word' id='word_1_239' title='bbox 669 3128 778 3191; x_wconf 86' lang='lat' dir='ltr'>eantui</span> <span class='ocrx_word' id='word_1_240' title='bbox 806 3128 898 3192; x_wconf 91' lang='lat' dir='ltr'>illum</span> <span class='ocrx_word' id='word_1_241' title='bbox 929 3130 1059 3192; x_wconf 88' lang='lat' dir='ltr'>eantum</span> <span class='ocrx_word' id='word_1_242' title='bbox 1089 3128 1276 3210; x_wconf 87' lang='lat' dir='ltr'>respondere</span> <span class='ocrx_word' id='word_1_243' title='bbox 1310 3147 1418 3212; x_wconf 87' lang='lat' dir='ltr'>nuper</span> 
     </span>
     <span class='ocr_line' id='line_1_30' title="bbox 195 3232 1457 3315; baseline -0.001 -17"><span class='ocrx_word' id='word_1_244' title='bbox 195 3234 297 3298; x_wconf 90' lang='lat' dir='ltr'>denuo</span> <span class='ocrx_word' id='word_1_245' title='bbox 320 3233 483 3296; x_wconf 88' lang='lat' dir='ltr'>Baehrens</span> <span class='ocrx_word' id='word_1_246' title='bbox 505 3232 526 3295; x_wconf 93' lang='lat' dir='ltr'>l.</span> <span class='ocrx_word' id='word_1_247' title='bbox 550 3252 575 3296; x_wconf 90' lang='lat' dir='ltr'>o.</span> <span class='ocrx_word' id='word_1_248' title='bbox 599 3234 779 3315; x_wconf 80' lang='lat' dir='ltr'>suspicatus</span> <span class='ocrx_word' id='word_1_249' title='bbox 804 3236 861 3298; x_wconf 92' lang='grc'><strong>111.</strong></span> <span class='ocrx_word' id='word_1_250' title='bbox 1456 3265 1457 3286; x_wconf 59' lang='lat'>1</span> 
     </span>
    </p>

    <p class='ocr_par' dir='ltr' id='par_1_8' title="bbox 195 3291 1457 4166">
     <span class='ocr_line' id='line_1_31' title="bbox 283 3338 1417 3422; baseline 0.006 -21"><span class='ocrx_word' id='word_1_251' title='bbox 283 3339 353 3402; x_wconf 93' lang='lat' dir='ltr'>Iam</span> <span class='ocrx_word' id='word_1_252' title='bbox 377 3338 453 3419; x_wconf 91' lang='lat' dir='ltr'>quid</span> <span class='ocrx_word' id='word_1_253' title='bbox 477 3357 591 3403; x_wconf 88' lang='lat' dir='ltr'>oausae</span> <span class='ocrx_word' id='word_1_254' title='bbox 615 3339 720 3416; x_wconf 85' lang='lat' dir='ltr'>fuerit,</span> <span class='ocrx_word' id='word_1_255' title='bbox 744 3359 800 3404; x_wconf 90' lang='lat' dir='ltr'>eur</span> <span class='ocrx_word' id='word_1_256' title='bbox 822 3341 905 3404; x_wconf 91' lang='lat' dir='ltr'>hano</span> <span class='ocrx_word' id='word_1_257' title='bbox 927 3339 979 3404; x_wconf 88' lang='lat' dir='ltr'>vel</span> <span class='ocrx_word' id='word_1_258' title='bbox 1001 3339 1090 3403; x_wconf 91' lang='lat' dir='ltr'>illam</span> <span class='ocrx_word' id='word_1_259' title='bbox 1114 3339 1292 3422; x_wconf 91' lang='lat' dir='ltr'>opinionem</span> <span class='ocrx_word' id='word_1_260' title='bbox 1315 3341 1417 3404; x_wconf 88' lang='lat' dir='ltr'>inter-</span> 
     </span>
     <span class='ocr_line' id='line_1_32' title="bbox 195 3445 1457 3534; baseline 0 -26"><span class='ocrx_word' id='word_1_261' title='bbox 195 3449 302 3529; x_wconf 84' lang='lat' dir='ltr'>protes</span> <span class='ocrx_word' id='word_1_262' title='bbox 327 3445 386 3508; x_wconf 88' lang='lat' dir='ltr'>sibi</span> <span class='ocrx_word' id='word_1_263' title='bbox 407 3445 568 3523; x_wconf 82' lang='lat' dir='ltr'>finxerint,</span> <span class='ocrx_word' id='word_1_264' title='bbox 594 3447 650 3510; x_wconf 90' lang='lat' dir='ltr'>ubi</span> <span class='ocrx_word' id='word_1_265' title='bbox 681 3465 760 3529; x_wconf 92' lang='lat' dir='ltr'>opus</span> <span class='ocrx_word' id='word_1_266' title='bbox 784 3447 845 3510; x_wconf 90' lang='lat' dir='ltr'>erit</span> <span class='ocrx_word' id='word_1_267' title='bbox 868 3465 925 3510; x_wconf 90' lang='lat' dir='ltr'>suo</span> <span class='ocrx_word' id='word_1_268' title='bbox 948 3447 1016 3510; x_wconf 87' lang='lat' dir='ltr'>loeo</span> <span class='ocrx_word' id='word_1_269' title='bbox 1050 3446 1304 3528; x_wconf 78' lang='lat' dir='ltr'>significabimus.</span> <span class='ocrx_word' id='word_1_270' title='bbox 1351 3445 1415 3511; x_wconf 82' lang='lat' dir='ltr'>Sed</span> <span class='ocrx_word' id='word_1_271' title='bbox 1456 3481 1457 3534; x_wconf 63' lang='lat' dir='ltr'>q</span> 
     </span>
     <span class='ocr_line' id='line_1_33' title="bbox 197 3543 1457 3636; baseline 0 -20"><span class='ocrx_word' id='word_1_272' title='bbox 197 3553 224 3616; x_wconf 91' lang='lat' dir='ltr'>si</span> <span class='ocrx_word' id='word_1_273' title='bbox 248 3551 415 3633; x_wconf 87' lang='lat' dir='ltr'>eontigerit</span> <span class='ocrx_word' id='word_1_274' title='bbox 437 3553 542 3629; x_wconf 89' lang='lat' dir='ltr'>nobis,</span> <span class='ocrx_word' id='word_1_275' title='bbox 571 3553 604 3617; x_wconf 93' lang='lat' dir='ltr'>id</span> <span class='ocrx_word' id='word_1_276' title='bbox 628 3553 711 3634; x_wconf 89' lang='lat' dir='ltr'>quod</span> <span class='ocrx_word' id='word_1_277' title='bbox 734 3553 897 3630; x_wconf 87' lang='lat' dir='ltr'>volumus,</span> <span class='ocrx_word' id='word_1_278' title='bbox 929 3555 967 3616; x_wconf 92' lang='lat' dir='ltr'>ut</span> <span class='ocrx_word' id='word_1_279' title='bbox 996 3553 1095 3618; x_wconf 92' lang='lat' dir='ltr'>totius</span> <span class='ocrx_word' id='word_1_280' title='bbox 1119 3553 1266 3618; x_wconf 88' lang='lat' dir='ltr'>oarminis</span> <span class='ocrx_word' id='word_1_281' title='bbox 1290 3572 1419 3636; x_wconf 90' lang='lat' dir='ltr'>oompo-</span> <span class='ocrx_word' id='word_1_282' title='bbox 1456 3543 1457 3632; x_wconf 57' lang='lat' dir='ltr'>q</span> 
     </span>
     <span class='ocr_line' id='line_1_34' title="bbox 198 3658 1414 3742; baseline -0.001 -19"><span class='ocrx_word' id='word_1_283' title='bbox 198 3658 345 3723; x_wconf 89' lang='lat' dir='ltr'>sitionem</span> <span class='ocrx_word' id='word_1_284' title='bbox 366 3677 423 3741; x_wconf 91' lang='lat' dir='ltr'>per</span> <span class='ocrx_word' id='word_1_285' title='bbox 447 3659 588 3740; x_wconf 85' lang='lat' dir='ltr'>singulas</span> <span class='ocrx_word' id='word_1_286' title='bbox 611 3661 719 3742; x_wconf 88' lang='lat' dir='ltr'>partes</span> <span class='ocrx_word' id='word_1_287' title='bbox 736 3660 882 3723; x_wconf 88' lang='lat' dir='ltr'>omnibus</span> <span class='ocrx_word' id='word_1_288' title='bbox 905 3660 1047 3724; x_wconf 90' lang='lat' dir='ltr'>numeris</span> <span class='ocrx_word' id='word_1_289' title='bbox 1071 3659 1250 3724; x_wconf 84' lang='lat' dir='ltr'>absolutam</span> <span class='ocrx_word' id='word_1_290' title='bbox 1274 3677 1343 3724; x_wconf 89' lang='lat' dir='ltr'>esse</span> <span class='ocrx_word' id='word_1_291' title='bbox 1361 3659 1414 3722; x_wconf 90' lang='lat' dir='ltr'>de-</span> 
     </span>
     <span class='ocr_line' id='line_1_35' title="bbox 197 3765 1457 3848; baseline -0.002 -19"><span class='ocrx_word' id='word_1_292' title='bbox 197 3767 429 3842; x_wconf 89' lang='lat' dir='ltr'>monstremus,</span> <span class='ocrx_word' id='word_1_293' title='bbox 459 3765 653 3846; x_wconf 83' lang='lat' dir='ltr'>singularem</span> <span class='ocrx_word' id='word_1_294' title='bbox 682 3766 771 3828; x_wconf 90' lang='lat' dir='ltr'>illam</span> <span class='ocrx_word' id='word_1_295' title='bbox 793 3765 1040 3848; x_wconf 86' lang='lat' dir='ltr'>pulahritudinis</span> <span class='ocrx_word' id='word_1_296' title='bbox 1064 3765 1215 3848; x_wconf 87' lang='lat' dir='ltr'>speeiem,</span> <span class='ocrx_word' id='word_1_297' title='bbox 1245 3767 1417 3847; x_wconf 90' lang='lat' dir='ltr'>quainter</span> <span class='ocrx_word' id='word_1_298' title='bbox 1456 3787 1457 3840; x_wconf 66' lang='lat' dir='ltr'>q</span> 
     </span>
     <span class='ocr_line' id='line_1_36' title="bbox 199 3870 1415 3955; baseline 0 -19"><span class='ocrx_word' id='word_1_299' title='bbox 199 3870 318 3936; x_wconf 77' lang='lat' dir='ltr'>Catulli</span> <span class='ocrx_word' id='word_1_300' title='bbox 341 3871 482 3934; x_wconf 89' lang='lat' dir='ltr'>earmina</span> <span class='ocrx_word' id='word_1_301' title='bbox 504 3872 564 3935; x_wconf 90' lang='lat' dir='ltr'>hoo</span> <span class='ocrx_word' id='word_1_302' title='bbox 585 3871 722 3936; x_wconf 85' lang='lat' dir='ltr'>maxime</span> <span class='ocrx_word' id='word_1_303' title='bbox 746 3873 871 3936; x_wconf 80' lang='lat' dir='ltr'>excellit</span> <span class='ocrx_word' id='word_1_304' title='bbox 892 3874 1021 3955; x_wconf 88' lang='lat' dir='ltr'>propter</span> <span class='ocrx_word' id='word_1_305' title='bbox 1043 3891 1151 3936; x_wconf 89' lang='lat' dir='ltr'>rerum</span> <span class='ocrx_word' id='word_1_306' title='bbox 1178 3872 1415 3955; x_wconf 87' lang='lat' dir='ltr'>simplie&#39;tatem</span> 
     </span>
     <span class='ocr_line' id='line_1_37' title="bbox 199 3977 1457 4060; baseline -0.003 -18"><span class='ocrx_word' id='word_1_307' title='bbox 199 3981 232 4042; x_wconf 90' lang='grc'>11</span> <span class='ocrx_word' id='word_1_308' title='bbox 260 3979 443 4054; x_wconf 85' lang='lat' dir='ltr'>veritatem,</span> <span class='ocrx_word' id='word_1_309' title='bbox 471 3978 549 4042; x_wconf 88' lang='lat' dir='ltr'>item</span> <span class='ocrx_word' id='word_1_310' title='bbox 580 3977 614 4041; x_wconf 93' lang='lat' dir='ltr'>in</span> <span class='ocrx_word' id='word_1_311' title='bbox 643 3979 795 4042; x_wconf 87' lang='lat' dir='ltr'>aonainna</span> <span class='ocrx_word' id='word_1_312' title='bbox 825 3980 1040 4043; x_wconf 87' lang='lat' dir='ltr'>membrorum</span> <span class='ocrx_word' id='word_1_313' title='bbox 1067 3977 1270 4060; x_wconf 87' lang='lat' dir='ltr'>dispositione</span> <span class='ocrx_word' id='word_1_314' title='bbox 1299 3977 1415 4043; x_wconf 87' lang='lat' dir='ltr'>intueri</span> <span class='ocrx_word' id='word_1_315' title='bbox 1456 3999 1457 4002; x_wconf 42' lang='lat'>¹</span> 
     </span>
     <span class='ocr_line' id='line_1_38' title="bbox 198 4085 1414 4166; baseline -0.002 -17"><span class='ocrx_word' id='word_1_316' title='bbox 198 4085 313 4149; x_wconf 81' lang='lat' dir='ltr'>licebit.</span> <span class='ocrx_word' id='word_1_317' title='bbox 357 4085 442 4148; x_wconf 88' lang='lat' dir='ltr'>Nam</span> <span class='ocrx_word' id='word_1_318' title='bbox 470 4104 527 4150; x_wconf 88' lang='lat' dir='ltr'>nos</span> <span class='ocrx_word' id='word_1_319' title='bbox 559 4085 687 4166; x_wconf 89' lang='lat' dir='ltr'>quidem</span> <span class='ocrx_word' id='word_1_320' title='bbox 719 4085 901 4166; x_wconf 86' lang='lat' dir='ltr'>quaerimus</span> <span class='ocrx_word' id='word_1_321' title='bbox 930 4105 994 4149; x_wconf 93' lang='lat' dir='ltr'>non</span> <span class='ocrx_word' id='word_1_322' title='bbox 1024 4102 1229 4151; x_wconf 87' lang='lat' dir='ltr'>numerorum</span> <span class='ocrx_word' id='word_1_323' title='bbox 1252 4088 1414 4150; x_wconf 84' lang='lat' dir='ltr'>externam</span> 
     </span>
    </p>
   </div>
   <div class='ocr_carea' id='block_1_6' title="bbox 196 4192 1413 4276">
    <p class='ocr_par' dir='ltr' id='par_1_9' title="bbox 196 4192 1413 4276">
     <span class='ocr_line' id='line_1_39' title="bbox 196 4192 1413 4276; baseline 0 -20"><span class='ocrx_word' id='word_1_324' title='bbox 196 4193 385 4276; x_wconf 86' lang='lat' dir='ltr'>paritatem,</span> <span class='ocrx_word' id='word_1_325' title='bbox 413 4192 468 4256; x_wconf 89' lang='lat' dir='ltr'>sad</span> <span class='ocrx_word' id='word_1_326' title='bbox 492 4193 722 4256; x_wconf 88' lang='lat' dir='ltr'>sententiarum</span> <span class='ocrx_word' id='word_1_327' title='bbox 743 4193 955 4256; x_wconf 86' lang='lat' dir='ltr'>neeessariam</span> <span class='ocrx_word' id='word_1_328' title='bbox 979 4192 1247 4274; x_wconf 82' lang='lat' dir='ltr'>aequabilitatem.</span> <span class='ocrx_word' id='word_1_329' title='bbox 1294 4192 1413 4272; x_wconf 80' lang='lat' dir='ltr'>Quam-</span> 
     </span>
    </p>
   </div>
   <div class='ocr_carea' id='block_1_7' title="bbox 0 0 1472 4724">
    <p class='ocr_par' dir='ltr' id='par_1_10' title="bbox 0 0 1472 4724">
     <span class='ocr_line' id='line_1_40' title="bbox 0 0 1472 4724; baseline 0 0"><span class='ocrx_word' id='word_1_330' title='bbox 0 0 1472 4724; x_wconf 95' lang='lat' dir='ltr'> </span> 
     </span>
    </p>
   </div>
  </div>
 </body>
</html>
