2928 4724
661 185 679 241 7

57 369 224 452 exeipiunt,
245 387 312 434 non
335 387 461 435 omnem
483 372 602 452 nuptae
626 389 694 435 esse
718 371 914 435 contendunt
942 373 1067 455 arrepto
1092 370 1176 453 quod
1204 370 1279 436 illae

57 478 293 560 usurpaverant
314 477 466 541 vocabulo
490 477 531 541 ad
553 477 759 542 refutandum
782 477 832 542 his
855 477 976 544 verbis:
1004 469 1006 474 ’

475 581 662 649 1001100010
685 586 743 647 tua
765 587 819 647 eat.

59 689 227 754 Praeterea
240 689 377 754 similem
392 696 572 773 respuetum
587 691 697 755 haberi
712 691 746 754 in
758 690 928 772 00000011
943 691 1070 756 nomine
1085 691 1279 774 reliquisque

57 797 239 878 puellarum
262 796 355 860 dietis
378 796 443 861 iam
465 796 672 862 manifestum
694 797 739 860 fit.

144 902 301 967 Dativum
331 904 440 967 antam
470 923 542 968 eum
569 905 664 969 verbo
692 902 855 986 pugnandi
877 903 1024 968 innotum
1045 903 1080 967 in
1102 925 1130 968 v.
1154 911 1196 969 64
1227 903 1279 987 (01.

59 1007 204 1092 Propi
241 1018 298 1087 10,
334 1019 373 1075 21
405 1009 456 1074 Tu
484 1029 571 1085 cuae,
613 1029 654 1073 ue
688 1009 776 1073 aaut
812 1009 927 1089 captos
956 1027 1107 1090 paquara
1136 1007 1281 1094 puellae)

61 1115 180 1180 draeoo
210 1135 299 1180 more
330 1105 446 1200 putant
479 1117 621 1201 plerique
651 1117 790 1200 primum
819 1115 984 1182 Catullum
1012 1116 1064 1180 hio
1097 1116 1278 1182 adhibuisse

60 1222 95 1286 oi.
131 1222 291 1304 Draeger‚
336 1221 535 1288 Historisebe
573 1221 700 1305 Sputum
739 1222 781 1287 1²
824 1242 853 1307 p.
890 1229 965 1288 406.
1025 1223 1162 1288 Krihner‘
1192 1224 1213 1287 l.
1254 1243 1280 1288 u.

60 1349 87 1412 p.
109 1336 186 1394 234.
222 1330 411 1411 omninoque
441 1330 566 1413 saepius
601 1330 760 1408 videnda,
795 1329 850 1394 ubi
884 1329 989 1412 graeei
1023 1331 1056 1393 et
1088 1329 1180 1393 latini
1215 1347 1281 1394 ser·

60 1437 159 1500 monis
191 1436 303 1501 eadem
338 1435 445 1518 aliqua
479 1439 566 1501 extat
591 1437 760 1502 verborum
793 1436 858 1500 sive
889 1437 1051 1500 struatura
1086 1436 1151 1500 sive
1184 1435 1281 1513 notio,

61 1560 127 1606 eam
150 1543 311 1608 immerito
332 1543 372 1607 ad
396 1542 590 1608 Graeoorum
619 1544 830 1608 imitationem
858 1541 990 1607 referri.¹
1025 1541 1088 1608 Sed
1112 1542 1173 1607 etsi
1195 1541 1281 1625 apud

62 1648 208 1714 Ovidium
243 1650 277 1714 in
311 1651 386 1715 met.
420 1649 438 1712 I
473 1659 568 1731 19sq.
598 1650 712 1732 duplex
743 1651 792 1714 est
822 1648 964 1714 eiusdem
997 1649 1085 1713 verbi
1117 1648 1281 1732 pugnandi

60 1757 221 1822 struatura
1198 1751 1200 1756 ’

233 1862 376 1944 Friqida
394 1861 585 1945 pupaubuut
606 1860 725 1926 calidis
747 1861 891 1926 00001110
912 1861 1015 1940 sacis,

233 1968 355 2034 Mollia
377 1989 448 2034 oum
471 1968 572 2046 duris,
596 1968 667 2032 siae
684 1967 827 2048 pondere
849 1967 1000 2032 10100110
1016 1965 1155 2049 paudus,

60 2076 206 2157 equidem
236 2078 347 2140 tamen
375 2076 562 2142 crediderim
593 2074 772 2152 Catullum,
809 2076 919 2158 utpote
950 2075 1005 2157 qui
1033 2077 1101 2140 tam
1130 2077 1280 2140 aeaurata

61 2183 212 2248 sermonis
235 2183 427 2266 proprietate
450 2184 571 2260 utatur,
601 2201 664 2246 non
688 2183 755 2246 sine
777 2182 913 2246 notionis
937 2181 1114 2246 differentia
1135 2182 1169 2246 in
1191 2202 1219 2248 v.
1237 2189 1278 2248 59

56 2307 202 2370 pappare
233 2308 303 2352 eam
338 2291 371 2354 et
398 2289 450 2353 hio
472 2307 622 2370 pappare
652 2285 754 2351 011041
781 2287 884 2352 dieere
913 2288 1059 2353 voluisse.
1104 2289 1187 2370 llrgo
1216 2307 1280 2352 non

61 2413 127 2460 vera
152 2395 355 2462 Graeoismus
386 2396 466 2461 mihi
486 2397 514 2460 is
538 2395 665 2459 dativus
688 2394 813 2459 videtur
837 2413 921 2472 esse,
953 2395 1009 2460 sed
1031 2413 1069 2459 ax
1092 2393 1281 2460 adversandi

60 2502 89 2565 ri
120 2502 263 2586 pendens
300 2502 420 2567 indioat
451 2502 627 2566 seeundum
657 2501 749 2566 latini
779 2501 932 2567 sermonis
962 2502 1128 2584 vulgmem
1157 2519 1280 2568 morem

63 2627 127 2686 eos,
156 2609 199 2674 ad
227 2628 306 2691 quos
334 2611 495 2674 oertamen
524 2609 679 2692 pertinet,
708 2608 764 2672 sed
787 2627 861 2673 eum
885 2607 1000 2690 quibus
1023 2608 1116 2691 ipsis,
1145 2609 1183 2671 ut
1206 2627 1281 2673 eum

62 2716 205 2799 coniuge,
237 2735 301 2780 non
331 2716 439 2780 initur.
486 2714 549 2780 Sed
579 2715 647 2780 eius
681 2713 780 2779 dativi
807 2714 841 2778 in
872 2715 976 2779 verbis
1006 2714 1169 2797 pugnandi
1192 2716 1285 2797 apud

61 2825 165 2903 poetas
190 2823 306 2888 aetatis
321 2824 504 2904 Augusteae
526 2821 641 2886 usitati
663 2821 816 2902 originem
840 2821 878 2884 ab
901 2820 971 2903 ipsa
993 2820 1101 2885 Latini
1125 2821 1279 2885 sermonis

61 2931 173 2994 nutura
202 2929 407 3013 repetandam
437 2945 521 3006 esse,
550 2929 615 2992 iam
644 2929 836 2992 monuerunt
863 2926 968 3004 Baoh,
991 2925 1057 2991 Die
1079 2925 1181 2990 Labra
1209 2945 1279 2990 oom

62 3035 225 3100 ddrauob
248 3035 304 3100 der
328 3033 432 3100 Cusus
460 3035 499 3098 iu
527 3033 584 3099 der
611 3032 819 3098 lateinisches
847 3030 1124 3114 Dialaersproobe.
1173 3029 1279 3097 Gotho

64 3150 143 3208 1848
169 3143 294 3225 aliique,
317 3160 396 3225 quos
420 3141 531 3206 attulit
552 3141 669 3206 Hoerla
693 3132 731 3206 de
747 3159 881 3206 oasuum
895 3159 958 3205 usn
973 3139 1180 3222 Propertiano
1203 3139 1279 3206 diss.

62 3245 186 3315 Helena.
211 3256 295 3316 1887
319 3270 349 3333 p.
373 3256 424 3314 41.

144 3356 252 3421 Habet
273 3356 372 3438 igitur
393 3356 445 3420 hio
468 3357 580 3420 oantus
603 3372 712 3438 parem
737 3355 939 3437 stropharum
963 3353 1223 3435 aequabilitatem
1246 3355 1279 3418 at

64 3463 208 3528 orationis
231 3464 468 3547 responsionem
491 3464 588 3545 atque
611 3463 732 3545 priores
756 3461 904 3544 strophae
928 3462 961 3525 et
984 3459 1210 3542 antistrophaa
1231 3459 1279 3524 ita

64 3569 167 3634 tamen
196 3572 235 3634 nt
265 3570 414 3651 quoniam
442 3587 528 3634 nuno
559 3569 768 3634 oonoiliantur
790 3568 943 3632 iuvenum
966 3569 999 3632 et
1021 3567 1202 3650 puellarum
1224 3585 1279 3632 vo-

64 3672 215 3756 luntates,
245 3675 398 3741 dissoluto
421 3676 486 3740 iam
509 3675 682 3741 certamine
706 3692 868 3739 sermones
892 3674 1041 3740 eontrarii
1063 3692 1158 3738 vomu
1180 3673 1280 3739 inter·

65 3782 155 3846 ealari
175 3801 240 3848 non
263 3785 462 3866 separentur,
490 3783 546 3848 sed
568 3783 652 3846 inter
675 3799 709 3846 aa
732 3781 832 3846 iuneti
855 3799 949 3846 versu
971 3781 1025 3844 illo
1047 3781 1200 3845 finiantur
1226 3781 1289 3845 vel.

65 3889 163 3968 potius
186 3890 413 3954 oonsooientur.
457 3889 560 3972 Igitur
581 3890 609 3954 is
630 3889 752 3966 dantus,
777 3888 832 3970 qui
855 3887 1003 3952 earminis
1027 3887 1187 3952 amoebaei
1210 3904 1279 3950 oer-

66 3995 167 4061 tamen
197 3999 366 4079 tamquam
394 3997 537 4061 olausula
568 3995 728 4077 sequitur,
762 3995 856 4078 aptus
886 3993 948 4058 diei
970 3993 1064 4058 debet
1093 3993 1154 4075 ipsi
1176 3991 1277 4056 totius

66 4104 212 4181 poematis
235 4103 351 4168 aotioni
372 4121 458 4167 nuno
481 4101 648 4167 eonfeetae.

145 4211 230 4275 Nam
265 4210 349 4292 quod
378 4210 421 4274 M.
451 4209 562 4292 Haupt
592 4227 640 4292 op.
673 4207 691 4272 Ι
726 4228 756 4292 p.
786 4208 855 4274 36*
891 4205 1069 4272 oontendit:
1104 4203 1157 4269 die
1191 4203 1277 4272 letata
