2934 4742
712 211 872 302 Qa-

177 397 272 462 minis
297 400 419 474 essent,
451 399 602 480 quoniam
625 398 666 462 ad
690 397 823 462 eandem
846 415 976 462 uxorem
999 398 1196 479 pertinerent
1219 399 1294 464 illa:
1322 399 1399 493 ‘sitis

178 503 286 569 felices
310 506 343 568 et
365 507 402 568 tn
427 505 523 569 simul
547 506 579 570 et
602 506 660 569 tua
679 493 772 569 vita’.
818 508 864 569 Ac
886 505 1005 568 mirum
1029 523 1098 570 esse
1121 505 1223 582 debet,
1248 506 1335 588 quod
1358 507 1401 570 vel

178 612 307 676 tantum
336 613 488 694 temporis
521 631 558 676 ea
589 611 693 695 opinio
716 629 791 676 vera
814 610 989 675 existimari
1012 613 1153 693 poterat,
1184 616 1344 694 quantum
1367 613 1399 676 ad

178 718 284 781 totum
311 735 424 800 poema
454 718 625 800 legendum
656 719 873 782 necessarium
904 720 962 781 est.
997 751 1042 762 -
1076 716 1277 801 Omninoque
1308 720 1400 784 nihilo
1446 743 1447 748 ¹

178 823 282 905 magis
306 823 511 889 difficultates
536 825 748 908 expediuntur
771 825 842 888 aliis
865 823 903 888 de
927 823 983 886 illa
1004 825 1186 889 calamitate
1210 826 1243 889 in
1268 846 1296 889 v.
1321 835 1399 892 1-c

178 930 357 1012 significata
373 932 614 1013 suspicionibus,
640 951 720 1013 quas
735 931 829 996 Riese
854 931 893 994 ad
909 938 975 995 v.4
1000 931 1077 994 satis
1094 931 1222 996 indicat.
1261 932 1400 1011 Quarum
1447 940 1448 951 ¹

177 1055 217 1101 aa
247 1019 297 1100 est
320 1037 476 1114 condicio,
508 1040 546 1102 ut
570 1038 696 1102 etiamsi
718 1038 769 1102 vel
791 1037 871 1101 haee
893 1039 944 1101 vel
967 1037 1023 1101 illa
1050 1056 1124 1102 cum
1148 1040 1297 1104 carminis
1320 1039 1400 1103 exitu

178 1144 336 1208 consentit
368 1147 424 1208 aut
457 1145 572 1209 saltem
594 1144 669 1210 huic
699 1163 762 1208 non
786 1145 835 1208 est
859 1144 1026 1220 contraria,
1050 1147 1159 1208 tamen
1181 1146 1333 1228 prooemii
1353 1165 1398 1209 res

178 1252 212 1314 et
234 1251 330 1314 verba
353 1269 479 1334 semper
502 1250 610 1332 alique
634 1269 671 1315 er
694 1251 784 1333 parte
809 1251 854 1314 eis
877 1252 1066 1333 repugnent.

269 1355 332 1421 Sed
354 1356 413 1421 has
437 1376 545 1422 omnes
570 1358 763 1440 suspiciones
792 1355 935 1421 refellere
959 1360 991 1421 et
1014 1357 1145 1438 longum
1170 1360 1218 1422 est
1243 1361 1275 1422 et
1299 1377 1399 1442 super·
1446 1363 1447 1440 g

178 1483 363 1528 vacaneum.
409 1464 541 1528 Dudum
565 1466 650 1528 enim
673 1465 767 1529 iustis
792 1463 989 1545 argumentis
1013 1465 1148 1530 reiectae
1173 1468 1249 1529 sunt
1271 1465 1399 1530 necdum
1446 1517 1447 1520 ,

178 1587 244 1633 una
266 1570 432 1652 hueusque
458 1572 557 1635 stetit.
604 1571 667 1636 Sed
682 1571 743 1636 etsi
765 1573 894 1654 paratas
917 1570 1018 1635 habeo
1041 1571 1146 1654 copias
1170 1573 1285 1636 harum
1301 1572 1400 1655 dispu-
1446 1621 1447 1628 1

179 1676 338 1741 tationum
362 1679 401 1741 ab
418 1678 644 1761 interpretibus
661 1679 892 1755 institutarum,
917 1696 1189 1760 supervacaneum
1212 1681 1322 1742 tamen
1337 1697 1397 1742 esse
1446 1701 1447 1704 ¹

180 1782 247 1847 dieo
272 1784 309 1848 de
337 1785 388 1848 his
411 1785 528 1850 referre
551 1785 689 1849 maxime
714 1804 750 1849 ea
774 1785 811 1850 de
836 1802 943 1861 causa,
968 1785 1043 1866 quia
1066 1803 1178 1850 casum
1201 1785 1293 1850 illum
1321 1803 1398 1849 acer-

179 1891 264 1969 bum,
289 1910 385 1972 quem
408 1892 696 1956 vehementissimis
727 1892 841 1956 studiis
864 1891 985 1956 frustra
1008 1892 1207 1956 rimabantur
1230 1892 1290 1955 viri
1314 1892 1398 1966 docti,

179 1996 240 2078 ipsi
262 1997 359 2062 Malia
394 1999 520 2063 omnino
554 2017 618 2062 non
653 1998 803 2063 accidisse
835 2000 930 2063 certis
961 1999 1157 2080 argumentis
1188 1999 1397 2063 demonstrare

179 2122 271 2186 posse
294 2104 373 2168 mihi
396 2105 513 2169 videor.

269 2318 314 2381 Ac
329 2318 469 2399 primum
486 2318 614 2399 quidem
630 2319 766 2383 maxime
783 2318 891 2382 mirari
908 2318 1069 2395 debemus,
1093 2320 1120 2383 si
1144 2318 1274 2400 quidem
1290 2318 1396 2382 Melius

180 2422 300 2487 amicus
325 2426 393 2488 tam
409 2425 498 2506 gravi
521 2425 589 2490 ictu
605 2427 792 2490 vulneratus
809 2427 867 2501 est,
892 2443 988 2506 quem
1012 2444 1074 2489 non
1100 2426 1204 2489 animo
1229 2426 1396 2490 commotus

180 2529 223 2592 sit
252 2547 328 2594 casu
358 2531 412 2595 illo
443 2531 498 2613 qui
529 2532 727 2614 significatur
758 2532 870 2596 acerbo
895 2531 1050 2596 Catullus.
1095 2531 1133 2594 Id
1155 2533 1221 2595 iam
1245 2532 1398 2610 Kiessling

179 2636 367 2719 l.e.p.14
401 2638 577 2714 intellexit,
612 2638 669 2702 sed
702 2639 748 2702 ita
779 2639 816 2701 ut
846 2638 874 2701 ei
899 2636 1047 2702 Catullus
1077 2637 1110 2699 in
1133 2657 1160 2701 v.
1187 2646 1248 2703 155
1282 2655 1398 2734 (conso

179 2742 296 2808 latione
332 2763 390 2808 sna
425 2764 488 2809 non
523 2745 587 2809 iem
622 2764 701 2828 opus
736 2763 804 2808 esse
836 2733 1002 2825 augurari'
1035 2743 1207 2807 videretur.
1253 2745 1396 2824 Idemque

179 2849 286 2932 tetigit
309 2851 489 2929 Baehrens,
525 2852 581 2916 sed
617 2853 684 2934 ipse
715 2851 947 2915 dubitationem
977 2868 1069 2914 suam
1100 2851 1343 2918 subnascentem
1370 2849 1396 2912 vi

181 2957 319 3038 quadam
342 2959 503 3042 repressit.
550 2959 692 3023 adnotat
715 2959 794 3022 haec
817 2957 857 3022 ed
881 2979 909 3022 v.
934 2967 962 3023 5.
988 2968 1035 3023 6.:
1067 2977 1158 3044 taum
1181 2957 1240 3022 hoe
1263 2956 1395 3039 epistolio

179 3083 242 3129 non
270 3066 405 3130 lectores
434 3067 561 3148 ignaros
593 3067 635 3130 sit
663 3066 830 3140 dooturus‚
865 3065 920 3129 sed
945 3066 1064 3129 scribat
1087 3063 1127 3128 ad
1151 3065 1289 3128 amioum
1312 3062 1395 3126 nimis

179 3171 261 3236 eheu
291 3191 442 3254 gnarum,
476 3175 582 3257 potest
613 3191 689 3236 sane
720 3173 814 3255 poeta
841 3173 944 3254 magis
973 3173 1006 3235 in
1034 3174 1221 3236 transcursu
1252 3173 1284 3234 et
1315 3168 1396 3251 quasi

178 3278 404 3358 parenthaseos
427 3280 496 3344 loco
518 3280 657 3344 breviter
671 3279 762 3343 Malli
785 3279 1003 3343 calamitatem
1028 3279 1184 3360 attingere
1207 3278 1242 3340 in
1265 3277 1395 3341 membro

179 3383 240 3447 boc
263 3373 474 3449 secundario'.
521 3385 584 3450 Sed
608 3387 740 3470 simplex
764 3386 911 3450 sanitatis
940 3385 1021 3449 ratio
1043 3387 1202 3468 posceret,
1233 3385 1261 3448 si
1284 3385 1396 3448 amiens

179 3492 248 3553 tam
272 3491 361 3572 gravi
384 3492 565 3556 calamitate
590 3511 688 3574 quam
716 3495 852 3576 putatur
875 3492 1013 3556 afflictus
1037 3491 1165 3568 fuisset,
1193 3492 1231 3555 ut
1254 3509 1310 3556 nos
1333 3507 1397 3572 poe·

180 3597 249 3660 tam
273 3596 313 3660 ad
336 3599 475 3662 amioum
496 3599 600 3662 multo
617 3601 822 3664 commotiore
839 3600 979 3664 oratione
1004 3618 1036 3664 se
1061 3601 1242 3663 convertere
1260 3597 1395 3662 debuisse

179 3705 445 3787 exspectaremus.

269 3810 399 3876 11111111
423 3810 520 3894 quod,
551 3812 577 3875 si
600 3831 708 3876 veram
731 3830 801 3876 esse
825 3831 991 3876 sumamus
1014 3812 1098 3878 hanc
1120 3813 1285 3894 vulgarem
1308 3812 1396 3874 intar-

179 3918 405 4000 pretationem,
433 3938 507 3984 oum
537 3919 709 4001 legerimus
740 3921 858 4002 primos
890 3919 951 3983 duo
974 3939 1085 3985 versus
1110 3920 1215 3983 subito
1237 3919 1396 4002 paululum

180 4025 391 4109 obstupefacti
414 4027 448 4090 in
471 4025 664 4108 naufragum
688 4027 847 4108 quendam
877 4026 1046 4090 incidimus
1070 4027 1207 4091 eiectum
1230 4023 1396 4109 spumanti·

180 4130 240 4194 bus
264 4132 367 4209 undis,
391 4126 487 4214 duem
510 4136 548 4198 11
572 4134 754 4198 1111111111
769 4133 917 4199 Catullus
941 4133 1121 4214 rogabatur.
1157 4133 1242 4198 Nam
1265 4130 1395 4196 miratio

181 4253 255 4300 nem
279 4238 439 4318 quandam
461 4240 552 4305 nobis
576 4239 681 4317 efficit,
705 4240 789 4320 quod
813 4231 840 4302 si
865 4227 1070 4334 <naufragas'
1095 4241 1148 4304 ille
1172 4241 1230 4315 est,
1254 4239 1394 4320 adquam
