<?xml version="1.0" encoding="UTF-8"?>
<!DOCTYPE html PUBLIC "-//W3C//DTD XHTML 1.0 Transitional//EN"
    "http://www.w3.org/TR/xhtml1/DTD/xhtml1-transitional.dtd">
<html xmlns="http://www.w3.org/1999/xhtml" xml:lang="en" lang="en">
 <head>
  <title>
</title>
<meta http-equiv="Content-Type" content="text/html;charset=utf-8" />
  <meta name='ocr-system' content='tesseract 3.04.00' />
  <meta name='ocr-capabilities' content='ocr_page ocr_carea ocr_par ocr_line ocrx_word'/>
</head>
<body>
  <div class='ocr_page' id='page_1' title='image "./quaestonescatul00webegoog_0098.png"; bbox 0 0 2934 4742; ppageno 0'>
   <div class='ocr_carea' id='block_1_1' title="bbox 58 412 1296 3688">
    <p class='ocr_par' dir='ltr' id='par_1_1' title="bbox 62 412 1293 903">
     <span class='ocr_line' id='line_1_1' title="bbox 65 412 1292 494; baseline 0.005 -18"><span class='ocrx_word' id='word_1_1' title='bbox 65 413 193 489; x_wconf 76' lang='lat' dir='ltr'><strong>attinet</strong></span> <span class='ocrx_word' id='word_1_2' title='bbox 217 412 293 494; x_wconf 93' lang='lat' dir='ltr'><strong>quia</strong></span> <span class='ocrx_word' id='word_1_3' title='bbox 316 430 442 494; x_wconf 79' lang='lat' dir='ltr'><strong>sperma</strong></span> <span class='ocrx_word' id='word_1_4' title='bbox 465 413 545 476; x_wconf 90' lang='lat' dir='ltr'><strong>mihi</strong></span> <span class='ocrx_word' id='word_1_5' title='bbox 568 412 674 477; x_wconf 84' lang='lat' dir='ltr'><strong>videor</strong></span> <span class='ocrx_word' id='word_1_6' title='bbox 690 412 998 478; x_wconf 81' lang='lat' dir='ltr'><strong>similitudines</strong></span> <span class='ocrx_word' id='word_1_7' title='bbox 1021 413 1100 478; x_wconf 88' lang='lat' dir='ltr'><strong>alias</strong></span> <span class='ocrx_word' id='word_1_8' title='bbox 1123 417 1292 482; x_wconf 90' lang='lat' dir='ltr'><strong>nonnullas</strong></span> 
     </span>
     <span class='ocr_line' id='line_1_2' title="bbox 63 519 1293 604; baseline 0.003 -20"><span class='ocrx_word' id='word_1_9' title='bbox 63 519 139 584; x_wconf 89' lang='lat' dir='ltr'><strong>inde</strong></span> <span class='ocrx_word' id='word_1_10' title='bbox 164 537 316 584; x_wconf 84' lang='lat' dir='ltr'><strong>evasuras</strong></span> <span class='ocrx_word' id='word_1_11' title='bbox 340 537 419 595; x_wconf 90' lang='lat' dir='ltr'><strong>esse,</strong></span> <span class='ocrx_word' id='word_1_12' title='bbox 441 538 506 583; x_wconf 91' lang='lat' dir='ltr'><strong>non</strong></span> <span class='ocrx_word' id='word_1_13' title='bbox 528 519 631 583; x_wconf 90' lang='lat' dir='ltr'><strong>solum</strong></span> <span class='ocrx_word' id='word_1_14' title='bbox 655 519 688 582; x_wconf 95' lang='lat' dir='ltr'><strong>in</strong></span> <span class='ocrx_word' id='word_1_15' title='bbox 711 519 806 585; x_wconf 87' lang='lat' dir='ltr'><strong>rebus</strong></span> <span class='ocrx_word' id='word_1_16' title='bbox 831 519 1035 600; x_wconf 85' lang='lat' dir='ltr'><strong>quibusdam,</strong></span> <span class='ocrx_word' id='word_1_17' title='bbox 1059 520 1130 597; x_wconf 88' lang='lat' dir='ltr'><strong>sed,</strong></span> <span class='ocrx_word' id='word_1_18' title='bbox 1152 522 1184 585; x_wconf 92' lang='lat' dir='ltr'><strong>id</strong></span> <span class='ocrx_word' id='word_1_19' title='bbox 1209 524 1293 604; x_wconf 91' lang='lat' dir='ltr'><strong>quod</strong></span> 
     </span>
     <span class='ocr_line' id='line_1_3' title="bbox 64 625 1293 710; baseline 0.004 -20"><span class='ocrx_word' id='word_1_20' title='bbox 64 627 196 705; x_wconf 80' lang='lat' dir='ltr'><strong>gravide</strong></span> <span class='ocrx_word' id='word_1_21' title='bbox 235 627 306 702; x_wconf 89' lang='lat' dir='ltr'><strong>est,</strong></span> <span class='ocrx_word' id='word_1_22' title='bbox 346 625 380 690; x_wconf 92' lang='lat' dir='ltr'><strong>in</strong></span> <span class='ocrx_word' id='word_1_23' title='bbox 413 645 520 690; x_wconf 91' lang='lat' dir='ltr'><strong>rernm</strong></span> <span class='ocrx_word' id='word_1_24' title='bbox 556 625 663 691; x_wconf 85' lang='lat' dir='ltr'><strong>ordine</strong></span> <span class='ocrx_word' id='word_1_25' title='bbox 703 627 996 710; x_wconf 79' lang='lat' dir='ltr'><strong>sententiarumque</strong></span> <span class='ocrx_word' id='word_1_26' title='bbox 1037 627 1293 708; x_wconf 81' lang='lat' dir='ltr'><strong>conformatione,</strong></span> 
     </span>
     <span class='ocr_line' id='line_1_4' title="bbox 62 731 1293 818; baseline 0.004 -22"><span class='ocrx_word' id='word_1_27' title='bbox 62 735 101 796; x_wconf 93' lang='lat' dir='ltr'><strong>ut</strong></span> <span class='ocrx_word' id='word_1_28' title='bbox 132 731 207 796; x_wconf 90' lang='lat' dir='ltr'><strong>inde</strong></span> <span class='ocrx_word' id='word_1_29' title='bbox 235 749 360 813; x_wconf 89' lang='lat' dir='ltr'><strong>quoque</strong></span> <span class='ocrx_word' id='word_1_30' title='bbox 387 733 456 796; x_wconf 86' lang='lat' dir='ltr'><strong>eius</strong></span> <span class='ocrx_word' id='word_1_31' title='bbox 486 732 635 797; x_wconf 76' lang='lat' dir='ltr'><strong>carminis</strong></span> <span class='ocrx_word' id='word_1_32' title='bbox 667 731 824 815; x_wconf 85' lang='lat' dir='ltr'><strong>Sapphioa</strong></span> <span class='ocrx_word' id='word_1_33' title='bbox 853 733 939 814; x_wconf 86' lang='lat' dir='ltr'><strong>origo</strong></span> <span class='ocrx_word' id='word_1_34' title='bbox 970 734 1003 796; x_wconf 90' lang='lat' dir='ltr'><strong>et</strong></span> <span class='ocrx_word' id='word_1_35' title='bbox 1032 733 1155 800; x_wconf 85' lang='lat' dir='ltr'><strong>indoles</strong></span> <span class='ocrx_word' id='word_1_36' title='bbox 1179 755 1293 818; x_wconf 89' lang='lat' dir='ltr'><strong>eogno-</strong></span> 
     </span>
     <span class='ocr_line' id='line_1_5' title="bbox 64 841 185 903; baseline 0 -1"><span class='ocrx_word' id='word_1_37' title='bbox 64 841 185 903; x_wconf 89' lang='lat' dir='ltr'><strong>soatnr.</strong></span> 
     </span>
    </p>

    <p class='ocr_par' dir='ltr' id='par_1_2' title="bbox 62 944 1294 1133">
     <span class='ocr_line' id='line_1_6' title="bbox 154 944 1294 1028; baseline 0.004 -18"><span class='ocrx_word' id='word_1_38' title='bbox 154 948 204 1010; x_wconf 86' lang='lat' dir='ltr'><strong>Aa</strong></span> <span class='ocrx_word' id='word_1_39' title='bbox 225 945 365 1028; x_wconf 85' lang='lat' dir='ltr'><strong>primum</strong></span> <span class='ocrx_word' id='word_1_40' title='bbox 389 945 517 1026; x_wconf 88' lang='lat' dir='ltr'><strong>quidem</strong></span> <span class='ocrx_word' id='word_1_41' title='bbox 533 944 716 1022; x_wconf 83' lang='lat' dir='ltr'><strong>slmiIItudo,</strong></span> <span class='ocrx_word' id='word_1_42' title='bbox 740 964 836 1026; x_wconf 90' lang='lat' dir='ltr'><strong>quam</strong></span> <span class='ocrx_word' id='word_1_43' title='bbox 860 948 977 1023; x_wconf 86' lang='lat' dir='ltr'><strong>statuo,</strong></span> <span class='ocrx_word' id='word_1_44' title='bbox 1000 947 1140 1028; x_wconf 88' lang='lat' dir='ltr'><strong>pertinet</strong></span> <span class='ocrx_word' id='word_1_45' title='bbox 1163 949 1203 1012; x_wconf 95' lang='lat' dir='ltr'><strong>ad</strong></span> <span class='ocrx_word' id='word_1_46' title='bbox 1227 969 1294 1014; x_wconf 89' lang='lat' dir='ltr'><strong>ser-</strong></span> 
     </span>
     <span class='ocr_line' id='line_1_7' title="bbox 62 1052 888 1133; baseline -0.002 -15"><span class='ocrx_word' id='word_1_47' title='bbox 62 1071 179 1118; x_wconf 85' lang='lat' dir='ltr'><strong>mones</strong></span> <span class='ocrx_word' id='word_1_48' title='bbox 201 1053 276 1116; x_wconf 89' lang='lat' dir='ltr'><strong>illos</strong></span> <span class='ocrx_word' id='word_1_49' title='bbox 298 1053 466 1133; x_wconf 86' lang='lat' dir='ltr'><strong>tamquam</strong></span> <span class='ocrx_word' id='word_1_50' title='bbox 488 1052 684 1133; x_wconf 75' lang='lat' dir='ltr'><strong>litigantium</strong></span> <span class='ocrx_word' id='word_1_51' title='bbox 707 1053 888 1116; x_wconf 77' lang='lat' dir='ltr'><strong>contrarios.</strong></span> 
     </span>
    </p>

    <p class='ocr_par' dir='ltr' id='par_1_3' title="bbox 61 1157 1293 1338">
     <span class='ocr_line' id='line_1_8' title="bbox 155 1157 1293 1246; baseline 0.003 -24"><span class='ocrx_word' id='word_1_52' title='bbox 155 1159 386 1240; x_wconf 83' lang='lat' dir='ltr'><strong>Fragmentum</strong></span> <span class='ocrx_word' id='word_1_53' title='bbox 411 1165 452 1224; x_wconf 85' lang='grc'><strong>93</strong></span> <span class='ocrx_word' id='word_1_54' title='bbox 475 1158 529 1221; x_wconf 68' lang='grc' dir='ltr'><strong>Β8</strong></span> <span class='ocrx_word' id='word_1_55' title='bbox 552 1158 608 1242; x_wconf 84' lang='grc'>(-.-.</span> <span class='ocrx_word' id='word_1_56' title='bbox 631 1157 791 1222; x_wconf 82' lang='lat' dir='ltr'><strong>scholiast.</strong></span> <span class='ocrx_word' id='word_1_57' title='bbox 814 1157 965 1240; x_wconf 88' lang='lat' dir='ltr'><strong>Hermog.</strong></span> <span class='ocrx_word' id='word_1_58' title='bbox 988 1157 1071 1222; x_wconf 85' lang='lat' dir='ltr'>VIII</span> <span class='ocrx_word' id='word_1_59' title='bbox 1094 1165 1158 1226; x_wconf 84' lang='grc'><strong>883</strong></span> <span class='ocrx_word' id='word_1_60' title='bbox 1191 1161 1293 1246; x_wconf 87' lang='lat' dir='ltr'><strong>Walz)</strong></span> 
     </span>
     <span class='ocr_line' id='line_1_9' title="bbox 61 1265 1085 1338; baseline -0.002 -9"><span class='ocrx_word' id='word_1_61' title='bbox 61 1265 123 1329; x_wconf 88' lang='lat' dir='ltr'><strong>hoe</strong></span> <span class='ocrx_word' id='word_1_62' title='bbox 148 1267 218 1328; x_wconf 86' lang='lat' dir='ltr'><strong>est:</strong></span> <span class='ocrx_word' id='word_1_63' title='bbox 1083 1336 1085 1338; x_wconf 49' lang='grc'><strong>,</strong></span> 
     </span>
    </p>

    <p class='ocr_par' dir='ltr' id='par_1_4' title="bbox 246 1357 1206 1458">
     <span class='ocr_line' id='line_1_10' title="bbox 246 1357 1206 1458; baseline -0.002 -22"><span class='ocrx_word' id='word_1_64' title='bbox 246 1363 324 1436; x_wconf 80' lang='grc' dir='ltr'><em>Οἶον</em></span> <span class='ocrx_word' id='word_1_65' title='bbox 346 1371 384 1436; x_wconf 88' lang='grc' dir='ltr'><strong>τὸ</strong></span> <span class='ocrx_word' id='word_1_66' title='bbox 408 1369 609 1454; x_wconf 77' lang='grc' dir='ltr'><em>γλυκάμαλον</em></span> <span class='ocrx_word' id='word_1_67' title='bbox 631 1367 799 1454; x_wconf 72' lang='grc' dir='ltr'><strong><em>ἐρεύθεται</em></strong></span> <span class='ocrx_word' id='word_1_68' title='bbox 823 1367 913 1456; x_wconf 79' lang='grc' dir='ltr'><em>άκρῳ</em></span> <span class='ocrx_word' id='word_1_69' title='bbox 937 1357 996 1434; x_wconf 77' lang='grc' dir='ltr'><strong>ἐπ’</strong></span> <span class='ocrx_word' id='word_1_70' title='bbox 1022 1368 1107 1458; x_wconf 72' lang='lat' dir='ltr'><strong>drop</strong></span> <span class='ocrx_word' id='word_1_71' title='bbox 1202 1411 1206 1418; x_wconf 92' lang='lat'>·</span> 
     </span>
    </p>

    <p class='ocr_par' dir='ltr' id='par_1_5' title="bbox 242 1465 1173 1567">
     <span class='ocr_line' id='line_1_11' title="bbox 242 1465 1173 1567; baseline 0.002 -26"><span class='ocrx_word' id='word_1_72' title='bbox 242 1465 364 1563; x_wconf 78' lang='grc' dir='ltr'><em>’Ἀκρον</em></span> <span class='ocrx_word' id='word_1_73' title='bbox 386 1465 448 1542; x_wconf 76' lang='grc' dir='ltr'><strong>ἐντ’</strong></span> <span class='ocrx_word' id='word_1_74' title='bbox 466 1475 652 1562; x_wconf 84' lang='grc' dir='ltr'><em>άκροτάτῳ·</em></span> <span class='ocrx_word' id='word_1_75' title='bbox 676 1476 855 1542; x_wconf 65' lang='grc' dir='ltr'><em>λελάθοντο</em></span> <span class='ocrx_word' id='word_1_76' title='bbox 878 1475 914 1542; x_wconf 79' lang='grc' dir='ltr'><strong>δὲ</strong></span> <span class='ocrx_word' id='word_1_77' title='bbox 936 1476 1173 1567; x_wconf 83' lang='grc' dir='ltr'><em>μαλοδρόντηες,</em></span> 
     </span>
    </p>

    <p class='ocr_par' dir='ltr' id='par_1_6' title="bbox 58 1570 1296 3568">
     <span class='ocr_line' id='line_1_12' title="bbox 251 1570 1187 1666; baseline 0.002 -18"><span class='ocrx_word' id='word_1_78' title='bbox 251 1583 296 1649; x_wconf 82' lang='grc' dir='ltr'><strong>Οὐ</strong></span> <span class='ocrx_word' id='word_1_79' title='bbox 317 1585 384 1666; x_wconf 81' lang='grc' dir='ltr'><strong>μὰν</strong></span> <span class='ocrx_word' id='word_1_80' title='bbox 406 1573 630 1661; x_wconf 70' lang='grc' dir='ltr'><em>ἐκλελάθοντ’,</em></span> <span class='ocrx_word' id='word_1_81' title='bbox 654 1570 730 1647; x_wconf 77' lang='grc' dir='ltr'><em>ἀλλ’</em></span> <span class='ocrx_word' id='word_1_82' title='bbox 756 1580 814 1647; x_wconf 84' lang='grc' dir='ltr'><strong>οὐκ</strong></span> <span class='ocrx_word' id='word_1_83' title='bbox 836 1571 984 1647; x_wconf 71' lang='grc' dir='ltr'><em>ἑάάναντ’</em></span> <span class='ocrx_word' id='word_1_84' title='bbox 1008 1580 1187 1650; x_wconf 71' lang='lat' dir='ltr'><strong>imitandos</strong></span> 
     </span>
     <span class='ocr_line' id='line_1_13' title="bbox 61 1687 1293 1779; baseline 0.002 -23"><span class='ocrx_word' id='word_1_85' title='bbox 61 1711 163 1775; x_wconf 89' lang='lat' dir='ltr'><strong>quem</strong></span> <span class='ocrx_word' id='word_1_86' title='bbox 195 1692 300 1755; x_wconf 90' lang='lat' dir='ltr'><strong>looum</strong></span> <span class='ocrx_word' id='word_1_87' title='bbox 322 1691 451 1774; x_wconf 89' lang='lat' dir='ltr'><strong>respioit</strong></span> <span class='ocrx_word' id='word_1_88' title='bbox 473 1690 603 1772; x_wconf 86' lang='lat' dir='ltr'><strong>Longus</strong></span> <span class='ocrx_word' id='word_1_89' title='bbox 626 1691 743 1773; x_wconf 91' lang='lat' dir='ltr'><strong>pastor.</strong></span> <span class='ocrx_word' id='word_1_90' title='bbox 772 1689 824 1753; x_wconf 95' lang='lat' dir='ltr'><strong>III</strong></span> <span class='ocrx_word' id='word_1_91' title='bbox 854 1697 914 1754; x_wconf 79' lang='lat'><strong>33:</strong></span> <span class='ocrx_word' id='word_1_92' title='bbox 938 1687 995 1754; x_wconf 87' lang='grc' dir='ltr'><strong>καὶ</strong></span> <span class='ocrx_word' id='word_1_93' title='bbox 1025 1687 1059 1754; x_wconf 71' lang='grc' dir='ltr'><strong>ἓν</strong></span> <span class='ocrx_word' id='word_1_94' title='bbox 1086 1691 1189 1779; x_wconf 70' lang='grc' dir='ltr'><em>μῆλον</em></span> <span class='ocrx_word' id='word_1_95' title='bbox 1215 1691 1293 1759; x_wconf 77' lang='grc' dir='ltr'><em>ἕπε’-</em></span> 
     </span>
     <span class='ocr_line' id='line_1_14' title="bbox 59 1793 1294 1884; baseline 0.002 -21"><span class='ocrx_word' id='word_1_96' title='bbox 59 1820 179 1863; x_wconf 72' lang='lat' dir='ltr'><strong>nemo</strong></span> <span class='ocrx_word' id='word_1_97' title='bbox 203 1794 237 1862; x_wconf 77' lang='grc' dir='ltr'><strong>ἐν</strong></span> <span class='ocrx_word' id='word_1_98' title='bbox 260 1795 371 1874; x_wconf 77' lang='grc' dir='ltr'><em>αὐτοῖς</em></span> <span class='ocrx_word' id='word_1_99' title='bbox 394 1795 507 1884; x_wconf 67' lang='lat' dir='ltr'><strong>dapem</strong></span> <span class='ocrx_word' id='word_1_100' title='bbox 529 1794 715 1883; x_wconf 79' lang='grc' dir='ltr'><em>ἀκρότατον,</em></span> <span class='ocrx_word' id='word_1_101' title='bbox 737 1793 820 1880; x_wconf 81' lang='grc' dir='ltr'><em>μέγα</em></span> <span class='ocrx_word' id='word_1_102' title='bbox 844 1793 901 1860; x_wconf 82' lang='grc' dir='ltr'><strong>καὶ</strong></span> <span class='ocrx_word' id='word_1_103' title='bbox 924 1795 1032 1875; x_wconf 65' lang='lat' dir='ltr'><strong>namo,</strong></span> <span class='ocrx_word' id='word_1_104' title='bbox 1056 1795 1113 1861; x_wconf 77' lang='grc' dir='ltr'><strong>καὶ</strong></span> <span class='ocrx_word' id='word_1_105' title='bbox 1128 1811 1193 1862; x_wconf 77' lang='grc' dir='ltr'><strong>τῶν</strong></span> <span class='ocrx_word' id='word_1_106' title='bbox 1208 1801 1294 1867; x_wconf 81' lang='grc' dir='ltr'><em>ττολ-</em></span> 
     </span>
     <span class='ocr_line' id='line_1_15' title="bbox 59 1889 1294 1993; baseline 0.002 -23"><span class='ocrx_word' id='word_1_107' title='bbox 59 1905 130 1970; x_wconf 80' lang='grc' dir='ltr'><strong>λῶν</strong></span> <span class='ocrx_word' id='word_1_108' title='bbox 154 1905 213 1990; x_wconf 71' lang='grc' dir='ltr'><strong>τὴν</strong></span> <span class='ocrx_word' id='word_1_109' title='bbox 235 1900 371 1969; x_wconf 70' lang='grc' dir='ltr'><em>εὐωδίαν</em></span> <span class='ocrx_word' id='word_1_110' title='bbox 394 1899 484 1968; x_wconf 78' lang='grc' dir='ltr'><em>ἐνίκα</em></span> <span class='ocrx_word' id='word_1_111' title='bbox 506 1903 613 1987; x_wconf 88' lang='grc' dir='ltr'><em>μόνον.</em></span> <span class='ocrx_word' id='word_1_112' title='bbox 645 1889 788 1967; x_wconf 73' lang='grc' dir='ltr'><em>’Έάεισεν</em></span> <span class='ocrx_word' id='word_1_113' title='bbox 803 1902 821 1966; x_wconf 83' lang='grc' dir='ltr'>ὁ</span> <span class='ocrx_word' id='word_1_114' title='bbox 836 1915 959 1988; x_wconf 72' lang='grc' dir='ltr'><em>τρυγών</em></span> <span class='ocrx_word' id='word_1_115' title='bbox 976 1901 1132 1984; x_wconf 75' lang='grc' dir='ltr'><em>ἀνελθεῖν,</em></span> <span class='ocrx_word' id='word_1_116' title='bbox 1156 1903 1294 1993; x_wconf 74' lang='grc' dir='ltr'><em>ἠμέλησε</em></span> 
     </span>
     <span class='ocr_line' id='line_1_16' title="bbox 58 2007 1294 2096; baseline 0.001 -19"><span class='ocrx_word' id='word_1_117' title='bbox 58 2011 236 2077; x_wconf 68' lang='grc' dir='ltr'><em>καθελεῖν·</em></span> <span class='ocrx_word' id='word_1_118' title='bbox 259 2009 342 2091; x_wconf 86' lang='grc' dir='ltr'><em>τάχα</em></span> <span class='ocrx_word' id='word_1_119' title='bbox 365 2007 401 2075; x_wconf 74' lang='grc' dir='ltr'><strong>δὲ</strong></span> <span class='ocrx_word' id='word_1_120' title='bbox 424 2008 480 2075; x_wconf 82' lang='grc' dir='ltr'><strong>καὶ</strong></span> <span class='ocrx_word' id='word_1_121' title='bbox 504 2007 701 2096; x_wconf 77' lang='grc' dir='ltr'><em>ἐφυλάττετο</em></span> <span class='ocrx_word' id='word_1_122' title='bbox 724 2009 762 2074; x_wconf 88' lang='grc' dir='ltr'><strong>τὸ</strong></span> <span class='ocrx_word' id='word_1_123' title='bbox 785 2008 885 2073; x_wconf 86' lang='grc' dir='ltr'><em>καλὸν</em></span> <span class='ocrx_word' id='word_1_124' title='bbox 905 2008 1007 2096; x_wconf 70' lang='grc' dir='ltr'><em>μῆλον</em></span> <span class='ocrx_word' id='word_1_125' title='bbox 1038 2007 1184 2096; x_wconf 78' lang='grc' dir='ltr'><em>ἐρωτικῷ</em></span> <span class='ocrx_word' id='word_1_126' title='bbox 1214 2036 1294 2078; x_wconf 80' lang='grc' dir='ltr'><em>ποι-</em></span> 
     </span>
     <span class='ocr_line' id='line_1_17' title="bbox 58 2115 1295 2201; baseline 0 -17"><span class='ocrx_word' id='word_1_127' title='bbox 58 2117 156 2201; x_wconf 84' lang='grc' dir='ltr'><em>μένι·</em></span> <span class='ocrx_word' id='word_1_128' title='bbox 172 2117 257 2182; x_wconf 86' lang='lat' dir='ltr'><strong>unde</strong></span> <span class='ocrx_word' id='word_1_129' title='bbox 274 2117 438 2193; x_wconf 70' lang='lat' dir='ltr'><strong>evineItun</strong></span> <span class='ocrx_word' id='word_1_130' title='bbox 462 2136 535 2182; x_wconf 89' lang='lat' dir='ltr'><strong>oum</strong></span> <span class='ocrx_word' id='word_1_131' title='bbox 550 2115 650 2198; x_wconf 84' lang='lat' dir='ltr'><strong>Longi</strong></span> <span class='ocrx_word' id='word_1_132' title='bbox 674 2116 769 2180; x_wconf 87' lang='lat' dir='ltr'><strong>verba</strong></span> <span class='ocrx_word' id='word_1_133' title='bbox 792 2115 915 2196; x_wconf 80' lang='lat' dir='ltr'><strong>redqoa</strong></span> <span class='ocrx_word' id='word_1_134' title='bbox 931 2115 1145 2198; x_wconf 80' lang='lat' dir='ltr'><strong>respondeant</strong></span> <span class='ocrx_word' id='word_1_135' title='bbox 1160 2119 1199 2182; x_wconf 89' lang='lat' dir='ltr'><strong>iis</strong></span> <span class='ocrx_word' id='word_1_136' title='bbox 1223 2137 1295 2184; x_wconf 89' lang='lat' dir='ltr'><strong>sen-</strong></span> 
     </span>
     <span class='ocr_line' id='line_1_18' title="bbox 59 2222 1294 2306; baseline 0 -16"><span class='ocrx_word' id='word_1_137' title='bbox 59 2225 179 2290; x_wconf 88' lang='lat' dir='ltr'><strong>tentiis</strong></span> <span class='ocrx_word' id='word_1_138' title='bbox 210 2241 290 2304; x_wconf 87' lang='lat' dir='ltr'><strong>quaa</strong></span> <span class='ocrx_word' id='word_1_139' title='bbox 325 2223 428 2287; x_wconf 91' lang='lat' dir='ltr'><strong>tribus</strong></span> <span class='ocrx_word' id='word_1_140' title='bbox 457 2223 521 2286; x_wconf 92' lang='lat' dir='ltr'><strong>illis</strong></span> <span class='ocrx_word' id='word_1_141' title='bbox 551 2222 695 2286; x_wconf 86' lang='lat' dir='ltr'><strong>versibus</strong></span> <span class='ocrx_word' id='word_1_142' title='bbox 723 2223 941 2300; x_wconf 86' lang='lat' dir='ltr'><strong>eontinentur,</strong></span> <span class='ocrx_word' id='word_1_143' title='bbox 972 2225 1123 2304; x_wconf 88' lang='lat' dir='ltr'><strong>quartum</strong></span> <span class='ocrx_word' id='word_1_144' title='bbox 1154 2225 1294 2306; x_wconf 82' lang='lat' dir='ltr'><strong>aquuem</strong></span> 
     </span>
     <span class='ocr_line' id='line_1_19' title="bbox 59 2328 1295 2411; baseline 0 -15"><span class='ocrx_word' id='word_1_145' title='bbox 59 2350 198 2396; x_wconf 86' lang='lat' dir='ltr'><strong>versum</strong></span> <span class='ocrx_word' id='word_1_146' title='bbox 226 2330 370 2394; x_wconf 87' lang='lat' dir='ltr'><strong>additum</strong></span> <span class='ocrx_word' id='word_1_147' title='bbox 394 2329 503 2405; x_wconf 85' lang='lat' dir='ltr'><strong>fuisse,</strong></span> <span class='ocrx_word' id='word_1_148' title='bbox 525 2330 558 2392; x_wconf 93' lang='lat' dir='ltr'><strong>in</strong></span> <span class='ocrx_word' id='word_1_149' title='bbox 583 2347 645 2411; x_wconf 90' lang='lat' dir='ltr'><strong>quo</strong></span> <span class='ocrx_word' id='word_1_150' title='bbox 669 2328 753 2392; x_wconf 87' lang='lat' dir='ltr'><strong>dleta</strong></span> <span class='ocrx_word' id='word_1_151' title='bbox 784 2330 892 2392; x_wconf 85' lang='lat' dir='ltr'><strong>essent</strong></span> <span class='ocrx_word' id='word_1_152' title='bbox 922 2347 968 2405; x_wconf 86' lang='lat' dir='ltr'><strong>ea,</strong></span> <span class='ocrx_word' id='word_1_153' title='bbox 999 2347 1080 2410; x_wconf 88' lang='lat' dir='ltr'><strong>quae</strong></span> <span class='ocrx_word' id='word_1_154' title='bbox 1110 2332 1213 2395; x_wconf 86' lang='lat' dir='ltr'><strong>verbis</strong></span> <span class='ocrx_word' id='word_1_155' title='bbox 1243 2351 1295 2397; x_wconf 87' lang='lat' dir='ltr'><strong>ex·</strong></span> 
     </span>
     <span class='ocr_line' id='line_1_20' title="bbox 59 2434 1294 2518; baseline 0.001 -15"><span class='ocrx_word' id='word_1_156' title='bbox 59 2438 181 2503; x_wconf 85' lang='lat' dir='ltr'><strong>tremis</strong></span> <span class='ocrx_word' id='word_1_157' title='bbox 204 2435 288 2517; x_wconf 86' lang='grc' dir='ltr'><em>τάχα</em></span> <span class='ocrx_word' id='word_1_158' title='bbox 305 2435 340 2500; x_wconf 82' lang='grc' dir='ltr'><strong>δὲ</strong></span> <span class='ocrx_word' id='word_1_159' title='bbox 356 2439 388 2500; x_wconf 85' lang='lat' dir='ltr'><strong>et</strong></span> <span class='ocrx_word' id='word_1_160' title='bbox 405 2455 434 2517; x_wconf 92' lang='lat' dir='ltr'><strong>q.</strong></span> <span class='ocrx_word' id='word_1_161' title='bbox 455 2454 479 2500; x_wconf 93' lang='lat' dir='ltr'><strong>s.</strong></span> <span class='ocrx_word' id='word_1_162' title='bbox 503 2435 734 2500; x_wconf 87' lang='lat' dir='ltr'><strong>deseribuntur.</strong></span> <span class='ocrx_word' id='word_1_163' title='bbox 770 2434 832 2500; x_wconf 84' lang='lat' dir='ltr'><strong>Sed</strong></span> <span class='ocrx_word' id='word_1_164' title='bbox 856 2435 956 2516; x_wconf 81' lang='lat' dir='ltr'><strong>quid?</strong></span> <span class='ocrx_word' id='word_1_165' title='bbox 979 2435 1074 2518; x_wconf 91' lang='lat' dir='ltr'><strong>primi</strong></span> <span class='ocrx_word' id='word_1_166' title='bbox 1097 2437 1159 2500; x_wconf 91' lang='lat' dir='ltr'><strong>duo</strong></span> <span class='ocrx_word' id='word_1_167' title='bbox 1183 2457 1294 2505; x_wconf 85' lang='lat' dir='ltr'><strong>versus</strong></span> 
     </span>
     <span class='ocr_line' id='line_1_21' title="bbox 59 2542 1295 2626; baseline -0.001 -16"><span class='ocrx_word' id='word_1_168' title='bbox 59 2565 147 2610; x_wconf 90' lang='lat' dir='ltr'><strong>num</strong></span> <span class='ocrx_word' id='word_1_169' title='bbox 171 2543 313 2608; x_wconf 86' lang='lat' dir='ltr'><strong>eiusdem</strong></span> <span class='ocrx_word' id='word_1_170' title='bbox 337 2561 405 2606; x_wconf 88' lang='lat' dir='ltr'><strong>esse</strong></span> <span class='ocrx_word' id='word_1_171' title='bbox 428 2545 571 2625; x_wconf 84' lang='lat' dir='ltr'><strong>possunt,</strong></span> <span class='ocrx_word' id='word_1_172' title='bbox 595 2542 650 2623; x_wconf 93' lang='lat' dir='ltr'><strong>qui</strong></span> <span class='ocrx_word' id='word_1_173' title='bbox 673 2542 805 2606; x_wconf 87' lang='lat' dir='ltr'><strong>tertium</strong></span> <span class='ocrx_word' id='word_1_174' title='bbox 829 2544 961 2606; x_wconf 80' lang='lat' dir='ltr'><strong>eantat?</strong></span> <span class='ocrx_word' id='word_1_175' title='bbox 985 2543 1124 2619; x_wconf 82' lang='lat' dir='ltr'><strong>minime,</strong></span> <span class='ocrx_word' id='word_1_176' title='bbox 1146 2548 1295 2626; x_wconf 89' lang='lat' dir='ltr'><strong>namqui</strong></span> 
     </span>
     <span class='ocr_line' id='line_1_22' title="bbox 60 2648 1294 2732; baseline 0.001 -15"><span class='ocrx_word' id='word_1_177' title='bbox 60 2654 140 2717; x_wconf 85' lang='lat' dir='ltr'><strong>illos</strong></span> <span class='ocrx_word' id='word_1_178' title='bbox 165 2651 251 2726; x_wconf 89' lang='lat' dir='ltr'><strong>dioit,</strong></span> <span class='ocrx_word' id='word_1_179' title='bbox 274 2650 359 2714; x_wconf 89' lang='lat' dir='ltr'><strong>huno</strong></span> <span class='ocrx_word' id='word_1_180' title='bbox 382 2668 415 2713; x_wconf 89' lang='lat' dir='ltr'><strong>se</strong></span> <span class='ocrx_word' id='word_1_181' title='bbox 438 2650 505 2732; x_wconf 84' lang='lat' dir='ltr'><strong>Ipse</strong></span> <span class='ocrx_word' id='word_1_182' title='bbox 530 2649 689 2730; x_wconf 79' lang='lat' dir='ltr'><strong>corrigens</strong></span> <span class='ocrx_word' id='word_1_183' title='bbox 711 2649 763 2712; x_wconf 87' lang='lat' dir='ltr'><strong>vel</strong></span> <span class='ocrx_word' id='word_1_184' title='bbox 785 2649 891 2731; x_wconf 91' lang='lat' dir='ltr'><strong>potius</strong></span> <span class='ocrx_word' id='word_1_185' title='bbox 906 2649 1033 2714; x_wconf 88' lang='lat' dir='ltr'><strong>irritum</strong></span> <span class='ocrx_word' id='word_1_186' title='bbox 1048 2648 1168 2714; x_wconf 80' lang='lat' dir='ltr'><strong>faciens</strong></span> <span class='ocrx_word' id='word_1_187' title='bbox 1191 2651 1294 2718; x_wconf 87' lang='lat' dir='ltr'><strong>dioere</strong></span> 
     </span>
     <span class='ocr_line' id='line_1_23' title="bbox 58 2755 1294 2839; baseline -0.002 -15"><span class='ocrx_word' id='word_1_188' title='bbox 58 2779 131 2824; x_wconf 92' lang='lat' dir='ltr'><strong>non</strong></span> <span class='ocrx_word' id='word_1_189' title='bbox 161 2758 284 2839; x_wconf 88' lang='lat' dir='ltr'><strong>potest;</strong></span> <span class='ocrx_word' id='word_1_190' title='bbox 315 2756 370 2820; x_wconf 91' lang='lat' dir='ltr'><strong>sed</strong></span> <span class='ocrx_word' id='word_1_191' title='bbox 407 2756 477 2838; x_wconf 90' lang='lat' dir='ltr'><strong>ipsa</strong></span> <span class='ocrx_word' id='word_1_192' title='bbox 514 2755 664 2826; x_wconf 84' lang='lat' dir='ltr'><strong>oratIonis</strong></span> <span class='ocrx_word' id='word_1_193' title='bbox 702 2755 878 2820; x_wconf 80' lang='lat' dir='ltr'><strong>contrariae</strong></span> <span class='ocrx_word' id='word_1_194' title='bbox 905 2755 1063 2820; x_wconf 83' lang='lat' dir='ltr'><strong>festivitas</strong></span> <span class='ocrx_word' id='word_1_195' title='bbox 1093 2756 1213 2821; x_wconf 86' lang='lat' dir='ltr'><strong>indioat</strong></span> <span class='ocrx_word' id='word_1_196' title='bbox 1241 2777 1294 2822; x_wconf 84' lang='lat' dir='ltr'><strong>eos</strong></span> 
     </span>
     <span class='ocr_line' id='line_1_24' title="bbox 59 2861 1294 2944; baseline -0.001 -15"><span class='ocrx_word' id='word_1_197' title='bbox 59 2883 181 2929; x_wconf 84' lang='lat' dir='ltr'><strong>versus</strong></span> <span class='ocrx_word' id='word_1_198' title='bbox 204 2882 277 2928; x_wconf 89' lang='lat' dir='ltr'><strong>oum</strong></span> <span class='ocrx_word' id='word_1_199' title='bbox 302 2864 415 2943; x_wconf 86' lang='lat' dir='ltr'><strong>quarto</strong></span> <span class='ocrx_word' id='word_1_200' title='bbox 447 2862 563 2926; x_wconf 88' lang='lat' dir='ltr'><strong>amisso</strong></span> <span class='ocrx_word' id='word_1_201' title='bbox 591 2862 675 2925; x_wconf 91' lang='lat' dir='ltr'><strong>inter</strong></span> <span class='ocrx_word' id='word_1_202' title='bbox 698 2861 776 2925; x_wconf 93' lang='lat' dir='ltr'><strong>duos</strong></span> <span class='ocrx_word' id='word_1_203' title='bbox 801 2864 966 2926; x_wconf 78' lang='lat' dir='ltr'><strong>cantantes</strong></span> <span class='ocrx_word' id='word_1_204' title='bbox 990 2863 1041 2926; x_wconf 86' lang='lat' dir='ltr'><strong>vel</strong></span> <span class='ocrx_word' id='word_1_205' title='bbox 1072 2863 1213 2944; x_wconf 92' lang='lat' dir='ltr'><strong>singulos</strong></span> <span class='ocrx_word' id='word_1_206' title='bbox 1243 2866 1294 2928; x_wconf 86' lang='lat' dir='ltr'><strong>vel</strong></span> 
     </span>
     <span class='ocr_line' id='line_1_25' title="bbox 60 2968 1294 3050; baseline -0.002 -14"><span class='ocrx_word' id='word_1_207' title='bbox 60 2973 181 3036; x_wconf 87' lang='lat' dir='ltr'><strong>ehoros</strong></span> <span class='ocrx_word' id='word_1_208' title='bbox 205 2969 403 3034; x_wconf 84' lang='lat' dir='ltr'><strong>diversarum</strong></span> <span class='ocrx_word' id='word_1_209' title='bbox 425 2968 570 3050; x_wconf 88' lang='lat' dir='ltr'><strong>partium</strong></span> <span class='ocrx_word' id='word_1_210' title='bbox 590 2969 674 3032; x_wconf 89' lang='lat' dir='ltr'><strong>inter</strong></span> <span class='ocrx_word' id='word_1_211' title='bbox 697 2987 730 3032; x_wconf 90' lang='lat' dir='ltr'><strong>se</strong></span> <span class='ocrx_word' id='word_1_212' title='bbox 762 2969 854 3049; x_wconf 86' lang='lat' dir='ltr'><strong>qnasi</strong></span> <span class='ocrx_word' id='word_1_213' title='bbox 883 2968 1080 3049; x_wconf 87' lang='lat' dir='ltr'><strong>litigantium</strong></span> <span class='ocrx_word' id='word_1_214' title='bbox 1109 2969 1294 3034; x_wconf 87' lang='lat' dir='ltr'><strong>distributos</strong></span> 
     </span>
     <span class='ocr_line' id='line_1_26' title="bbox 60 3074 1294 3157; baseline -0.001 -16"><span class='ocrx_word' id='word_1_215' title='bbox 60 3078 167 3141; x_wconf 80' lang='lat' dir='ltr'><strong>fuisse</strong></span> <span class='ocrx_word' id='word_1_216' title='bbox 192 3077 211 3138; x_wconf 93' lang='lat' dir='ltr'><strong>i.</strong></span> <span class='ocrx_word' id='word_1_217' title='bbox 235 3094 260 3139; x_wconf 89' lang='grc' dir='ltr'><strong>ε.</strong></span> <span class='ocrx_word' id='word_1_218' title='bbox 284 3076 367 3138; x_wconf 82' lang='lat' dir='ltr'><strong>Inter</strong></span> <span class='ocrx_word' id='word_1_219' title='bbox 391 3075 641 3138; x_wconf 79' lang='lat' dir='ltr'><strong>adulescentium</strong></span> <span class='ocrx_word' id='word_1_220' title='bbox 666 3078 698 3138; x_wconf 88' lang='lat' dir='ltr'><strong>et</strong></span> <span class='ocrx_word' id='word_1_221' title='bbox 720 3075 902 3157; x_wconf 84' lang='lat' dir='ltr'><strong>puellarum</strong></span> <span class='ocrx_word' id='word_1_222' title='bbox 930 3074 1009 3138; x_wconf 91' lang='lat' dir='ltr'><strong>duos</strong></span> <span class='ocrx_word' id='word_1_223' title='bbox 1040 3075 1158 3138; x_wconf 88' lang='lat' dir='ltr'><strong>ehoros.</strong></span> <span class='ocrx_word' id='word_1_224' title='bbox 1203 3075 1294 3140; x_wconf 88' lang='lat' dir='ltr'><strong>Idem</strong></span> 
     </span>
     <span class='ocr_line' id='line_1_27' title="bbox 59 3181 1293 3263; baseline -0.002 -14"><span class='ocrx_word' id='word_1_225' title='bbox 59 3202 141 3249; x_wconf 80' lang='lat' dir='ltr'><strong>vero</strong></span> <span class='ocrx_word' id='word_1_226' title='bbox 166 3182 308 3248; x_wconf 81' lang='lat' dir='ltr'><strong>certandi</strong></span> <span class='ocrx_word' id='word_1_227' title='bbox 323 3201 422 3263; x_wconf 88' lang='lat' dir='ltr'><strong>genus</strong></span> <span class='ocrx_word' id='word_1_228' title='bbox 438 3182 490 3245; x_wconf 90' lang='lat' dir='ltr'><strong>hio</strong></span> <span class='ocrx_word' id='word_1_229' title='bbox 514 3184 654 3263; x_wconf 87' lang='lat' dir='ltr'><strong>apparet,</strong></span> <span class='ocrx_word' id='word_1_230' title='bbox 679 3181 762 3262; x_wconf 89' lang='lat' dir='ltr'><strong>quod</strong></span> <span class='ocrx_word' id='word_1_231' title='bbox 785 3182 817 3244; x_wconf 85' lang='lat' dir='ltr'><strong>ln</strong></span> <span class='ocrx_word' id='word_1_232' title='bbox 830 3181 950 3246; x_wconf 81' lang='lat' dir='ltr'><strong>Catulli</strong></span> <span class='ocrx_word' id='word_1_233' title='bbox 966 3181 1105 3246; x_wconf 88' lang='lat' dir='ltr'><strong>earmine</strong></span> <span class='ocrx_word' id='word_1_234' title='bbox 1122 3183 1293 3247; x_wconf 88' lang='lat' dir='ltr'><strong>amoebaeo</strong></span> 
     </span>
     <span class='ocr_line' id='line_1_28' title="bbox 60 3287 1294 3371; baseline -0.002 -16"><span class='ocrx_word' id='word_1_235' title='bbox 60 3290 215 3355; x_wconf 83' lang='lat' dir='ltr'><strong>videmus</strong></span> <span class='ocrx_word' id='word_1_236' title='bbox 239 3287 412 3369; x_wconf 88' lang='lat' dir='ltr'><strong>eademque</strong></span> <span class='ocrx_word' id='word_1_237' title='bbox 437 3288 502 3352; x_wconf 88' lang='lat' dir='ltr'><strong>sive</strong></span> <span class='ocrx_word' id='word_1_238' title='bbox 526 3288 687 3371; x_wconf 89' lang='lat' dir='ltr'><strong>responsio</strong></span> <span class='ocrx_word' id='word_1_239' title='bbox 712 3288 777 3351; x_wconf 90' lang='lat' dir='ltr'><strong>sive</strong></span> <span class='ocrx_word' id='word_1_240' title='bbox 802 3288 956 3370; x_wconf 91' lang='lat' dir='ltr'><strong>oppositio</strong></span> <span class='ocrx_word' id='word_1_241' title='bbox 981 3287 1122 3364; x_wconf 67' lang='lat' dir='ltr'><strong>dioenda,</strong></span> <span class='ocrx_word' id='word_1_242' title='bbox 1146 3307 1227 3369; x_wconf 89' lang='lat' dir='ltr'><strong>quae</strong></span> <span class='ocrx_word' id='word_1_243' title='bbox 1251 3289 1294 3353; x_wconf 92' lang='lat' dir='ltr'><strong>ibi</strong></span> 
     </span>
     <span class='ocr_line' id='line_1_29' title="bbox 59 3393 1296 3476; baseline -0.003 -15"><span class='ocrx_word' id='word_1_244' title='bbox 59 3400 96 3462; x_wconf 93' lang='lat' dir='ltr'><strong>in</strong></span> <span class='ocrx_word' id='word_1_245' title='bbox 123 3395 215 3460; x_wconf 91' lang='lat' dir='ltr'><strong>initio</strong></span> <span class='ocrx_word' id='word_1_246' title='bbox 238 3395 329 3471; x_wconf 91' lang='lat' dir='ltr'><strong>binis,</strong></span> <span class='ocrx_word' id='word_1_247' title='bbox 353 3397 423 3459; x_wconf 90' lang='lat' dir='ltr'><strong>tum</strong></span> <span class='ocrx_word' id='word_1_248' title='bbox 451 3395 499 3458; x_wconf 88' lang='lat' dir='ltr'><strong>bis</strong></span> <span class='ocrx_word' id='word_1_249' title='bbox 531 3394 612 3458; x_wconf 88' lang='lat' dir='ltr'><strong>binis</strong></span> <span class='ocrx_word' id='word_1_250' title='bbox 641 3395 727 3457; x_wconf 88' lang='lat' dir='ltr'><strong>inter</strong></span> <span class='ocrx_word' id='word_1_251' title='bbox 757 3411 790 3457; x_wconf 92' lang='lat' dir='ltr'><strong>se</strong></span> <span class='ocrx_word' id='word_1_252' title='bbox 822 3393 972 3476; x_wconf 90' lang='lat' dir='ltr'><strong>oppositis</strong></span> <span class='ocrx_word' id='word_1_253' title='bbox 1003 3394 1196 3458; x_wconf 85' lang='lat' dir='ltr'><strong>hexametris</strong></span> <span class='ocrx_word' id='word_1_254' title='bbox 1225 3394 1296 3457; x_wconf 88' lang='lat' dir='ltr'><strong>red·</strong></span> 
     </span>
     <span class='ocr_line' id='line_1_30' title="bbox 60 3505 165 3568; baseline -0.038 0"><span class='ocrx_word' id='word_1_255' title='bbox 60 3505 165 3568; x_wconf 86' lang='lat' dir='ltr'><strong>ditur.</strong></span> 
     </span>
    </p>

    <p class='ocr_par' dir='ltr' id='par_1_7' title="bbox 157 3606 1294 3688">
     <span class='ocr_line' id='line_1_31' title="bbox 157 3606 1294 3688; baseline -0.002 -16"><span class='ocrx_word' id='word_1_256' title='bbox 157 3607 249 3672; x_wconf 87' lang='lat' dir='ltr'><strong>Idem</strong></span> <span class='ocrx_word' id='word_1_257' title='bbox 272 3609 434 3672; x_wconf 80' lang='lat' dir='ltr'><strong>certamen</strong></span> <span class='ocrx_word' id='word_1_258' title='bbox 456 3608 571 3672; x_wconf 86' lang='lat' dir='ltr'><strong>leniter</strong></span> <span class='ocrx_word' id='word_1_259' title='bbox 595 3609 627 3671; x_wconf 93' lang='lat' dir='ltr'><strong>et</strong></span> <span class='ocrx_word' id='word_1_260' title='bbox 650 3606 975 3670; x_wconf 81' lang='lat' dir='ltr'><strong>ioooseeommissum</strong></span> <span class='ocrx_word' id='word_1_261' title='bbox 992 3606 1239 3688; x_wconf 89' lang='lat' dir='ltr'><strong>deprehenditur</strong></span> <span class='ocrx_word' id='word_1_262' title='bbox 1261 3607 1294 3670; x_wconf 87' lang='lat' dir='ltr'><strong>io</strong></span> 
     </span>
    </p>
   </div>
   <div class='ocr_carea' id='block_1_2' title="bbox 60 3709 1296 4219">
    <p class='ocr_par' dir='ltr' id='par_1_8' title="bbox 60 3709 1296 4219">
     <span class='ocr_line' id='line_1_32' title="bbox 60 3709 1294 3798; baseline -0.002 -17"><span class='ocrx_word' id='word_1_263' title='bbox 60 3717 102 3781; x_wconf 82' lang='lat' dir='ltr'><strong>fr.</strong></span> <span class='ocrx_word' id='word_1_264' title='bbox 129 3725 170 3781; x_wconf 85' lang='lat'><strong>91</strong></span> <span class='ocrx_word' id='word_1_265' title='bbox 189 3713 234 3778; x_wconf 67' lang='grc' dir='ltr'><strong>Β8</strong></span> <span class='ocrx_word' id='word_1_266' title='bbox 258 3714 316 3798; x_wconf 87' lang='lat'><strong>(=</strong></span> <span class='ocrx_word' id='word_1_267' title='bbox 329 3713 472 3777; x_wconf 88' lang='lat' dir='ltr'><strong>Demetr.</strong></span> <span class='ocrx_word' id='word_1_268' title='bbox 488 3711 565 3794; x_wconf 77' lang='grc' dir='ltr'><em>περὶ</em></span> <span class='ocrx_word' id='word_1_269' title='bbox 583 3709 651 3798; x_wconf 73' lang='grc' dir='ltr'><em>ἑρμ.</em></span> <span class='ocrx_word' id='word_1_270' title='bbox 669 3732 694 3777; x_wconf 88' lang='lat' dir='ltr'><strong>o.</strong></span> <span class='ocrx_word' id='word_1_271' title='bbox 713 3713 799 3796; x_wconf 84' lang='lat'>168),</span> <span class='ocrx_word' id='word_1_272' title='bbox 823 3713 913 3776; x_wconf 84' lang='lat' dir='ltr'><strong>ouius</strong></span> <span class='ocrx_word' id='word_1_273' title='bbox 929 3713 1101 3794; x_wconf 84' lang='lat' dir='ltr'><strong>fragmenti</strong></span> <span class='ocrx_word' id='word_1_274' title='bbox 1117 3713 1203 3794; x_wconf 90' lang='lat' dir='ltr'><strong>leges</strong></span> <span class='ocrx_word' id='word_1_275' title='bbox 1227 3733 1294 3778; x_wconf 91' lang='lat' dir='ltr'><strong>me-</strong></span> 
     </span>
     <span class='ocr_line' id='line_1_33' title="bbox 60 3819 1294 3903; baseline -0.002 -17"><span class='ocrx_word' id='word_1_276' title='bbox 60 3824 165 3887; x_wconf 89' lang='lat' dir='ltr'><strong>trieas</strong></span> <span class='ocrx_word' id='word_1_277' title='bbox 188 3838 290 3903; x_wconf 89' lang='lat' dir='ltr'><strong>nuper</strong></span> <span class='ocrx_word' id='word_1_278' title='bbox 312 3819 452 3884; x_wconf 83' lang='lat' dir='ltr'><strong>firmavit</strong></span> <span class='ocrx_word' id='word_1_279' title='bbox 474 3819 513 3882; x_wconf 88' lang='lat' dir='ltr'><strong>H.</strong></span> <span class='ocrx_word' id='word_1_280' title='bbox 537 3819 662 3884; x_wconf 91' lang='lat' dir='ltr'><strong>Usener</strong></span> <span class='ocrx_word' id='word_1_281' title='bbox 684 3819 763 3882; x_wconf 91' lang='lat' dir='ltr'><strong>libro</strong></span> <span class='ocrx_word' id='word_1_282' title='bbox 788 3838 840 3895; x_wconf 88' lang='lat' dir='ltr'><strong>eo,</strong></span> <span class='ocrx_word' id='word_1_283' title='bbox 872 3837 933 3900; x_wconf 90' lang='lat' dir='ltr'><strong>quo</strong></span> <span class='ocrx_word' id='word_1_284' title='bbox 957 3837 1039 3883; x_wconf 84' lang='lat' dir='ltr'><strong>nova</strong></span> <span class='ocrx_word' id='word_1_285' title='bbox 1061 3820 1193 3882; x_wconf 87' lang='lat' dir='ltr'><strong>seientia</strong></span> <span class='ocrx_word' id='word_1_286' title='bbox 1216 3819 1294 3883; x_wconf 92' lang='lat' dir='ltr'><strong>artis</strong></span> 
     </span>
     <span class='ocr_line' id='line_1_34' title="bbox 60 3923 1295 4008; baseline -0.006 -14"><span class='ocrx_word' id='word_1_287' title='bbox 60 3929 220 3994; x_wconf 80' lang='lat' dir='ltr'><strong>metricae</strong></span> <span class='ocrx_word' id='word_1_288' title='bbox 244 3925 371 3992; x_wconf 80' lang='lat' dir='ltr'><strong>condita</strong></span> <span class='ocrx_word' id='word_1_289' title='bbox 395 3925 519 3990; x_wconf 84' lang='lat' dir='ltr'><strong>videtur</strong></span> <span class='ocrx_word' id='word_1_290' title='bbox 541 3923 811 4006; x_wconf 79' lang='lat' dir='ltr'><strong>(altprteedisoder</strong></span> <span class='ocrx_word' id='word_1_291' title='bbox 841 3924 984 3989; x_wconf 84' lang='lat' dir='ltr'><strong>Versbau</strong></span> <span class='ocrx_word' id='word_1_292' title='bbox 1014 3944 1044 4008; x_wconf 94' lang='lat' dir='ltr'><strong>p.</strong></span> <span class='ocrx_word' id='word_1_293' title='bbox 1069 3924 1133 4006; x_wconf 83' lang='lat'><strong>97).</strong></span> <span class='ocrx_word' id='word_1_294' title='bbox 1178 3923 1295 3987; x_wconf 81' lang='lat' dir='ltr'><strong>Docuit</strong></span> 
     </span>
     <span class='ocr_line' id='line_1_35' title="bbox 61 4029 1296 4114; baseline -0.006 -14"><span class='ocrx_word' id='word_1_295' title='bbox 61 4053 198 4100; x_wconf 87' lang='lat' dir='ltr'><strong>versum</strong></span> <span class='ocrx_word' id='word_1_296' title='bbox 221 4034 353 4114; x_wconf 89' lang='lat' dir='ltr'><strong>longum</strong></span> <span class='ocrx_word' id='word_1_297' title='bbox 377 4049 394 4096; x_wconf 92' lang='lat' dir='ltr'><strong>e</strong></span> <span class='ocrx_word' id='word_1_298' title='bbox 418 4029 540 4096; x_wconf 89' lang='lat' dir='ltr'><strong>duobus</strong></span> <span class='ocrx_word' id='word_1_299' title='bbox 563 4031 768 4107; x_wconf 84' lang='lat' dir='ltr'><strong>brevioribus,</strong></span> <span class='ocrx_word' id='word_1_300' title='bbox 793 4032 903 4112; x_wconf 89' lang='lat' dir='ltr'><strong>quales</strong></span> <span class='ocrx_word' id='word_1_301' title='bbox 926 4030 979 4094; x_wconf 89' lang='lat' dir='ltr'><strong>hie</strong></span> <span class='ocrx_word' id='word_1_302' title='bbox 1009 4030 1192 4104; x_wconf 88' lang='lat' dir='ltr'><strong>habemus‚·</strong></span> <span class='ocrx_word' id='word_1_303' title='bbox 1210 4047 1296 4093; x_wconf 89' lang='lat' dir='ltr'><strong>oom-</strong></span> 
     </span>
     <span class='ocr_line' id='line_1_36' title="bbox 62 4135 1295 4219; baseline -0.005 -14"><span class='ocrx_word' id='word_1_304' title='bbox 62 4143 205 4206; x_wconf 89' lang='lat' dir='ltr'><strong>missum</strong></span> <span class='ocrx_word' id='word_1_305' title='bbox 228 4158 315 4212; x_wconf 74' lang='lat' dir='ltr'><strong>esse:</strong></span> <span class='ocrx_word' id='word_1_306' title='bbox 340 4138 408 4203; x_wconf 88' lang='lat' dir='ltr'><strong>eius</strong></span> <span class='ocrx_word' id='word_1_307' title='bbox 425 4141 532 4204; x_wconf 90' lang='lat' dir='ltr'><strong>autem</strong></span> <span class='ocrx_word' id='word_1_308' title='bbox 549 4140 775 4204; x_wconf 86' lang='lat' dir='ltr'><strong>oommissurae</strong></span> <span class='ocrx_word' id='word_1_309' title='bbox 792 4137 927 4219; x_wconf 85' lang='lat' dir='ltr'><strong>vestigia</strong></span> <span class='ocrx_word' id='word_1_310' title='bbox 943 4137 1092 4202; x_wconf 88' lang='lat' dir='ltr'><strong>aooorata</strong></span> <span class='ocrx_word' id='word_1_311' title='bbox 1109 4135 1295 4216; x_wconf 88' lang='lat' dir='ltr'><strong>quaestione</strong></span> 
     </span>
    </p>
   </div>
   <div class='ocr_carea' id='block_1_3' title="bbox 63 4241 1294 4410">
    <p class='ocr_par' dir='ltr' id='par_1_9' title="bbox 63 4241 1294 4410">
     <span class='ocr_line' id='line_1_37' title="bbox 63 4241 1294 4329; baseline -0.005 -17"><span class='ocrx_word' id='word_1_312' title='bbox 63 4248 168 4312; x_wconf 86' lang='lat' dir='ltr'><strong>etiarn</strong></span> <span class='ocrx_word' id='word_1_313' title='bbox 184 4245 268 4329; x_wconf 91' lang='lat' dir='ltr'><strong>apud</strong></span> <span class='ocrx_word' id='word_1_314' title='bbox 280 4245 457 4310; x_wconf 90' lang='lat' dir='ltr'><strong>Homerum</strong></span> <span class='ocrx_word' id='word_1_315' title='bbox 473 4245 606 4309; x_wconf 82' lang='lat' dir='ltr'><strong>latentia</strong></span> <span class='ocrx_word' id='word_1_316' title='bbox 623 4245 750 4308; x_wconf 85' lang='lat' dir='ltr'><strong>detexit.</strong></span> <span class='ocrx_word' id='word_1_317' title='bbox 785 4243 871 4306; x_wconf 83' lang='lat' dir='ltr'><strong>Hier</strong></span> <span class='ocrx_word' id='word_1_318' title='bbox 882 4243 984 4306; x_wconf 77' lang='lat' dir='ltr'><strong>lobea</strong></span> <span class='ocrx_word' id='word_1_319' title='bbox 995 4241 1057 4305; x_wconf 74' lang='lat' dir='ltr'><strong>wis</strong></span> <span class='ocrx_word' id='word_1_320' title='bbox 1071 4277 1111 4288; x_wconf 91' lang='lat'>-</span> <span class='ocrx_word' id='word_1_321' title='bbox 1129 4241 1235 4322; x_wconf 89' lang='lat' dir='ltr'><strong>inquit</strong></span> <span class='ocrx_word' id='word_1_322' title='bbox 1252 4278 1294 4288; x_wconf 93' lang='lat'>-</span> 
     </span>
     <span class='ocr_line' id='line_1_38' title="bbox 1038 4345 1081 4410; baseline 0 -32"><span class='ocrx_word' id='word_1_323' title='bbox 1038 4345 1081 4410; x_wconf 83' lang='lat'><strong>6*</strong></span> 
     </span>
    </p>
   </div>
   <div class='ocr_carea' id='block_1_4' title="bbox 0 0 1473 4742">
    <p class='ocr_par' dir='ltr' id='par_1_10' title="bbox 0 0 1473 4742">
     <span class='ocr_line' id='line_1_39' title="bbox 0 0 1473 4742; baseline 0 0"><span class='ocrx_word' id='word_1_324' title='bbox 0 0 1473 4742; x_wconf 95' lang='lat' dir='ltr'><strong> </strong></span> 
     </span>
    </p>
   </div>
  </div>
 </body>
</html>
