2934 4742
775 189 837 247 108
879 249 885 256 ,

191 377 314 441 Fratris
345 379 454 442 autem
487 377 684 441 dilectissimi
711 378 847 441 mortem
864 376 965 441 *brevi
995 376 1139 457 tempore
1171 376 1245 438 ante
1270 373 1413 438 accidisse

192 502 289 565 quam
312 484 393 548 haee
419 483 537 565 scripta
561 485 645 560 sunt,
668 483 820 546 orationis
843 481 972 546 habitus
996 484 1030 545 et
1053 481 1139 545 color
1161 481 1194 543 in
1217 501 1246 544 v.
1265 488 1306 545 13
1332 483 1363 544 et
1380 488 1413 543 14

191 590 313 673 prodit:
337 590 442 654 utitur
466 590 550 653 enim
573 590 735 673 praesenti
758 592 899 672 tempore
922 607 1041 652 merser
1064 606 1162 668 seque
1186 587 1329 670 appellat
1351 586 1414 680 (mi-

192 683 325 760 serum'.
354 733 397 742 -
430 695 492 760 Sed
515 696 547 760 id
571 698 715 778 tempuS,
747 715 809 777 quo
832 695 972 778 primum
995 698 1071 776 toga
1094 694 1178 758 virili
1201 696 1333 776 accepta
1358 694 1414 788 ‹lu-

192 789 296 880 serit'‚
330 803 426 885 paulo
462 802 666 884 longinquius
702 821 771 866 esse
807 805 840 866 et
874 802 1029 866 remotius
1060 819 1158 882 quam
1180 801 1277 864 Riese
1308 803 1412 883 putare

191 908 317 972 videtur
340 908 379 972 cf.
394 907 484 972 Eiet.
508 929 537 990 p.
558 909 631 972 VII.
654 909 740 986 XIX,
763 909 842 972 item
865 908 1016 972 orationis
1040 909 1128 972 totus
1151 907 1282 972 habitus
1306 907 1413 988 arguit

188 1015 287 1080 Retro
311 1015 396 1078 enim
420 1013 460 1078 ad
483 1015 564 1078 iliud
590 1016 722 1111 (aetatis
745 1001 890 1078 floridae'
917 1017 1045 1097 tempus
1068 1016 1105 1077 ut
1129 1015 1193 1077 iam
1217 1014 1412 1095 aliquantum

191 1121 315 1185 distans
339 1121 447 1185 oculos
471 1121 635 1185 convertit.
681 1121 786 1202 Igitur
809 1139 868 1184 nec
883 1119 992 1184 fratris
1015 1139 1102 1184 mors
1125 1121 1158 1182 in
1181 1120 1321 1202 primam
1345 1119 1412 1183 adu·

189 1228 377 1292 lescentiam
402 1226 521 1292 Catulli
544 1227 657 1292 incidit
680 1265 722 1274 -
746 1228 835 1291 velut
856 1227 1041 1310 paulopost
1065 1227 1237 1309 septimum
1261 1227 1411 1290 decimum

190 1334 307 1400 aetatis
337 1334 405 1398 eius
437 1352 557 1397 annum
584 1369 627 1378 -
657 1353 716 1398 nec
744 1334 805 1397 hoc
834 1351 962 1398 carmen
991 1333 1043 1416 (cf.
1067 1333 1160 1397 Riese
1185 1333 1225 1396 ad
1250 1340 1324 1409 68²,
1350 1333 1410 1414 15);

189 1458 293 1521 neque
317 1459 391 1504 vero
415 1440 622 1503 intervallum
646 1440 755 1504 decem
779 1458 935 1504 annorum
965 1475 1006 1485 -
1039 1439 1122 1520 quod
1145 1439 1240 1503 Riese
1264 1439 1285 1502 1.
1310 1459 1335 1503 c.
1368 1438 1410 1522 (of.

189 1545 275 1610 idem
306 1546 346 1610 ad
375 1564 400 1610 o.
424 1544 510 1610 LXV
535 1565 565 1628 p.
591 1546 666 1629 198)
695 1547 812 1612 statuit
837 1583 888 1622 -‚
923 1547 979 1610 sed
1009 1547 1159 1627 exiguum
1189 1548 1321 1610 tantum
1344 1565 1410 1628 pau·

190 1671 301 1717 corum
331 1671 487 1717 annorum
515 1653 697 1717 intercessit
726 1654 810 1717 inter
832 1652 941 1717 fratris
965 1654 1102 1717 mortem
1132 1655 1165 1716 et
1183 1653 1250 1716 iter
1273 1652 1410 1735 Bithyni·

190 1778 273 1837 cum,
298 1759 381 1841 quod
404 1778 477 1824 vere
501 1760 576 1823 anni
600 1767 640 1824 57
670 1761 703 1823 in
733 1761 861 1824 cohorte
885 1760 1098 1842 propraetoris
1122 1759 1156 1824 C.
1178 1759 1327 1824 Memmii
1349 1778 1409 1824 eon·

190 1866 367 1930 tabernalis
398 1866 563 1948 ingressus
593 1869 643 1929 est
672 1865 711 1930 ei.
736 1865 886 1930 Schwabe
917 1869 1039 1947 quaest.
1070 1886 1099 1948 p.
1126 1874 1264 1947 159sqq.
1317 1849 1408 1948 Igitm

189 1992 253 2037 non
276 1974 323 2037 ita
345 1991 464 2056 paucos
496 1991 595 2037 annos
625 1972 697 2037 inde
729 1976 858 2038 ascuto
882 1973 1003 2038 decimo
1033 1972 1098 2037 fere
1123 1973 1238 2038 aetatis
1263 1991 1347 2036 anno
1367 1972 1408 2034 his

189 2080 313 2144 lusibus
346 2080 509 2143 amatoriis
533 2079 738 2162 consumpsit.
784 2083 831 2144 Ac
859 2083 945 2144 recte
971 2078 1006 2144 0.
1030 2079 1213 2144 Harneoker
1236 2077 1280 2143 N.
1304 2077 1408 2145 Jctrt.

192 2193 277 2251 1884
302 2205 331 2269 p.
358 2195 421 2250 770
445 2186 524 2250 iilud
552 2189 708 2281 (tempore
726 2175 800 2267 quo'
827 2187 868 2269 (v.
887 2186 940 2269 15)
963 2205 1020 2268 per
1047 2187 1116 2280 ¹ubi
1138 2174 1295 2268 primum'
1321 2187 1408 2249 inter·

190 2294 335 2374 pietatus
359 2295 423 2368 est,
458 2295 495 2355 ut
518 2292 751 2373 significaretur
784 2311 837 2387 (ex
861 2311 897 2356 eo
921 2296 1079 2376 tempore,
1110 2281 1198 2374 quo'‚
1233 2292 1409 2372 addiditque

189 2399 285 2462 haee:
316 2398 401 2494 ‘aad
429 2397 527 2462 dieser
560 2417 661 2480 parrae
688 2399 845 2462 aeitraam
875 2398 918 2462 ist
939 2399 980 2480 jc
1015 2397 1097 2462 aaut
1125 2397 1289 2462 tioterter
1318 2395 1411 2461 duret

190 2525 219 2569 o.
235 2506 284 2582 16,
309 2505 365 2568 der
386 2503 559 2586 ptetetscm
581 2506 642 2568 dos
661 2510 797 2586 tempore
812 2504 891 2570 noct
906 2505 1027 2569 eiomct
1050 2505 1232 2588 aufoimmt,
1254 2505 1293 2568 ira
1314 2505 1409 2569 seiaer

190 2609 476 2692 eceatcmltcaaetr
498 2611 765 2688 ctcrckterisiert,
796 2611 974 2676 tumendum
998 2633 1069 2676 eum
1092 2661 1120 2676 ..
1143 2611 1193 2675 cts
1216 2611 1269 2676 die
1285 2609 1412 2692 periodo·

191 2717 245 2782 des
279 2717 454 2782 ttriteodeo
489 2709 779 2800 Rbeasfreittiaps'.
826 2719 888 2785 Sed
918 2739 1028 2784 omnes
1062 2720 1108 2783 iili
1142 2719 1297 2787 iuveniles
1326 2720 1410 2782 lusus

190 2825 298 2890 fratris
322 2826 455 2890 interitu
479 2829 548 2890 tota
571 2826 610 2890 de
633 2832 740 2891 mente
764 2827 867 2909 fugati
891 2831 974 2890 sunt.

280 3039 431 3104 Adnectit
453 3042 547 3121 poeta
571 3041 774 3103 enuntiatum
797 3041 967 3121 insequens
990 3059 1046 3123 per
1073 3027 1222 3135 tquare':
1300 3021 1302 3026 ⁸

304 3154 343 3210 ‘27
371 3145 488 3224 Quoue,
512 3145 597 3226 qaod
618 3146 732 3210 scribis
761 3145 906 3210 Veronae
927 3151 1019 3226 turpe
1046 3144 1169 3212 Catullo

414 3251 495 3315 Esse
518 3253 603 3332 qaod
625 3252 676 3317 tie
699 3253 804 3333 quivis
828 3253 865 3316 de
887 3253 1015 3318 metiore
1036 3259 1113 3318 caea

369 3356 511 3439 Fripiotc
534 3359 652 3422 deserto
675 3360 839 3441 tepefactet
861 3361 1001 3425 membra
1022 3359 1131 3437 cubili,

413 3462 466 3540 Ia,
489 3463 588 3542 Mati,
611 3485 676 3529 acra
699 3471 743 3530 est
766 3470 867 3548 turpe,
890 3467 993 3548 acopis
1015 3467 1168 3550 miseram
1191 3471 1244 3530 est.

280 3571 326 3634 Ac
354 3573 494 3653 primum
525 3573 653 3653 quidem
684 3574 832 3637 adverbio
863 3573 915 3637 tie
943 3575 976 3637 in
999 3595 1027 3638 v.
1052 3583 1093 3640 28
1117 3593 1176 3638 nee
1198 3573 1334 3637 Romam
1355 3585 1409 3632 nec

193 3677 291 3741 alium
326 3677 433 3742 locum
467 3681 571 3744 notari
609 3699 700 3762 posse
735 3680 797 3744 nisi
831 3680 992 3745 Veronam
1027 3681 1235 3763 grammatica
1270 3679 1408 3758 obliquae

192 3785 343 3850 orationis
366 3787 448 3851 ratio
473 3789 617 3870 coarguit
640 3787 677 3851 of.
693 3788 733 3851 Η.
748 3789 885 3869 Magnus
902 3787 1023 3852 Ztsetr.
1035 3789 1058 3868 f.
1072 3788 1100 3851 d.
1115 3784 1304 3869 Gyara-W.
1329 3787 1408 3850 1878

189 3913 219 3974 p.
245 3901 318 3958 504.
343 3932 384 3941 -
409 3895 506 3958 Porro
530 3895 681 3957 discimus
704 3895 778 3958 hino
793 3895 937 3971 Matium,
962 3897 1076 3977 quippe
1102 3895 1156 3975 qui
1178 3894 1302 3976 poetica
1316 3891 1407 3955 Vero

190 4001 299 4063 nensis
335 4000 441 4063 studia
477 4000 629 4082 appellet,
664 3999 784 4065 Catulli
817 4000 936 4065 famam
967 4001 1160 4066 carminibus
1189 4003 1317 4082 partam
1348 3998 1406 4060 iam

190 4123 300 4178 nosse3
335 4106 463 4183 deinde,
497 4109 647 4187 quoniam
677 4107 821 4172 Ver-onae
862 4110 964 4172 vivere
999 4109 1097 4172 indoli
1131 4108 1199 4172 eius
1234 4111 1268 4171 et
1301 4103 1407 4170 studiis

191 4226 305 4289 parum
329 4213 530 4276 commodum
554 4232 623 4277 esse
646 4214 723 4277 dicit
745 4215 862 4279 Matius
886 4234 1022 4297 eumque
1046 4215 1184 4298 patriam
1208 4215 1319 4278 urbem
1337 4228 1409 4276 non·
