2934 4742
658 175 717 230 111

67 384 96 446 p.
124 373 223 445 15sq.
252 363 303 426 Fr.
328 361 435 426 Sohbll
459 363 479 425 l.
503 381 528 426 e.
551 381 581 444 p.
604 370 679 427 471.
711 360 747 425 Ο.
771 361 955 426 Harneolrer
984 362 1004 425 l.
1029 382 1054 426 6.
1077 382 1107 445 p.
1133 371 1214 445 loq,
1246 365 1300 446 qui

70 471 191 534 similes
213 467 791 552 6661611111666616111661116666
816 468 893 532 satis
917 469 1029 532 multis
1053 470 1129 534 loois
1151 471 1300 534 firmavit.

68 577 105 641 Id
123 579 210 640 16616
226 576 391 640 Baehrens
417 593 542 656 quoque
562 575 735 651 oontendit,
759 574 814 638 sed
839 593 909 639 eam
924 576 990 638 vim
1012 577 1107 640 nimis
1131 577 1301 659 detorquet

70 683 109 747 ad
142 683 338 764 singularem
367 681 530 762 quandam
560 681 792 763 oppositionem
815 699 923 744 rerum
946 682 1029 746 inter
1053 701 1087 746 se
1110 683 1301 762 innotarum,

73 791 128 886 ‘ad
155 808 255 853 unam
284 788 418 869 elegiam
449 787 591 863 doetam,
626 787 711 868 quod
736 787 799 851 duo
823 787 891 851 eius
915 787 1033 865 offieia,
1064 791 1096 853 61
1119 791 1301 854 6666616611

70 898 103 960 61
132 895 242 960 fabula
266 894 405 976 quadam
435 894 553 958 6161166
582 893 762 958 obleetandi
785 881 965 976 ponuntur‘
990 914 1019 977 p.
1043 903 1108 960 494
1118 913 1164 976 sq.
1199 895 1237 960 of.
1261 896 1301 960 ad

70 1023 97 1066 r.
123 1011 174 1068 32.
207 1009 247 1068 33
259 1019 304 1082 sq.
338 1021 367 1083 p.
399 1007 520 1082 499sq.
575 999 741 1081 Intellegit
774 1000 873 1081 igitur
910 1003 1085 1094 poemata,
1119 1002 1152 1065 in
1185 1002 1300 1083 quibus

70 1109 183 1172 Venus
206 1107 391 1184 materiam,
421 1107 533 1171 Musae
561 1106 696 1171 formam
725 1106 899 1188 limamque
929 1107 1050 1170 eultam
1080 1108 1301 1191 suppeditave-

70 1203 164 1279 runt'
190 1235 220 1299 p.
243 1221 318 1280 494.
366 1213 428 1278 Sed
452 1215 579 1296 poetam
601 1233 664 1277 non
689 1213 757 1277 sina
782 1214 889 1295 aliqua
912 1233 1009 1278 eausa
1032 1215 1065 1277 iu
1089 1233 1124 1278 eo
1149 1216 1299 1279 orationis

70 1323 213 1387 membro
243 1321 401 1404 duplieem
432 1321 594 1384 notionem
624 1320 808 1384 distinxisse
838 1321 959 1403 opinari
989 1321 1150 1386 debemus.
1207 1321 1300 1400 Nam,

70 1431 107 1492 61
131 1429 227 1492 aliter
249 1429 376 1492 omuino
398 1428 468 1492 fieri
490 1447 554 1492 non
576 1427 697 1510 potuit,
729 1445 803 1491 eum
833 1428 986 1492 seriberet
1014 1429 1097 1492 hane
1129 1429 1298 1512 epistularu

71 1535 230 1611 Catullus,
253 1535 364 1598 statim
387 1535 420 1598 in
444 1535 534 1599 initio
557 1535 637 1598 illud
661 1535 859 1618 respieiebat,
889 1535 972 1616 quod
995 1538 1070 1619 post
1093 1536 1131 1601 de
1154 1537 1300 1619 preeibus

71 1643 165 1707 amioi
195 1641 402 1722 exsequendis
433 1641 536 1706 dioere
567 1642 599 1704 in
631 1641 738 1705 animo
770 1641 916 1705 habebat.
962 1642 1004 1705 ut
1029 1644 1179 1724 quoniam
1209 1645 1300 1707 lusus

70 1749 140 1813 illos
165 1749 286 1830 primae
311 1748 544 1812 adnleseentiae
567 1749 661 1832 plane
686 1767 721 1812 se
745 1747 873 1829 fugasse
897 1748 1032 1826 dioebat,
1062 1768 1119 1832 per
1142 1751 1300 1814 diversam

70 1855 153 1920 haue
178 1873 275 1937 quam
297 1855 361 1920 iarn
385 1856 579 1936 sequebatur
609 1855 713 1937 poesis
738 1873 815 1918 suae
838 1855 977 1919 indolem
1001 1855 1116 1939 duplex
1140 1856 1300 1937 quoddam

72 1962 251 2027 carminum
274 1981 375 2044 genus
399 1963 467 2044 ipse
484 1962 712 2044 distinguebat,
736 1962 820 2026 unde
844 1962 988 2027 eonsulto
1013 1963 1121 2045 opinor
1144 1963 1301 2045 1161661-

71 2070 129 2132 bus
162 2070 256 2133 amiei
286 2068 499 2150 significandis
530 2072 563 2132 et
591 2068 761 2132 reddendis
785 2068 935 2132 orationis
966 2068 1056 2132 illam
1079 2068 1300 2133 oonformatio-

72 2195 146 2240 nem
170 2177 295 2258 delegit,
320 2193 384 2257 qua
408 2195 461 2240 eas
484 2179 616 2240 naturas
641 2175 707 2239 sive
732 2194 848 2257 genera
864 2175 1066 2257 aliquatenus
1090 2176 1301 2258 distingueret

72 2301 129 2346 neo
159 2285 268 2346 tamen
300 2301 319 2346 a
349 2283 502 2364 prineipio
527 2283 638 2346 statim
666 2283 752 2346 inter
783 2301 816 2346 se
840 2282 944 2347 aerius
968 2282 1170 2347 discerneret.
1215 2283 1300 2347 Item

73 2389 224 2453 iudiearit
245 2389 428 2454 Harneeher
451 2391 471 2453 l.
495 2408 519 2452 6.
544 2391 576 2453 61
591 2387 633 2451 Ν.
650 2387 766 2452 Jahrb.
793 2396 888 2454 1883.
914 2399 987 2454 117.
1009 2410 1039 2472 p.
1057 2390 1158 2454 267*.
1197 2389 1301 2454 Simul

73 2495 145 2559 inde
170 2495 326 2560 deductus
360 2499 410 2559 est
432 2499 525 2578 poeta
547 2496 580 2558 in
602 2495 653 2559 his
678 2495 859 2559 studiorum
882 2514 1013 2561 suorum
1037 2495 1222 2560 differentiis
1244 2515 1301 2560 no-

73 2603 180 2666 tandis
204 2621 255 2678 eo,
279 2605 316 2666 61
340 2621 413 2666 oum
438 2603 581 2666 cautione
606 2602 744 2682 quadam
769 2602 802 2664 in
825 2602 1000 2667 reousaudo
1025 2606 1188 2667 externam
1210 2603 1300 2667 illam

76 2725 206 2772 eausam
230 2707 364 2772 afferret.
1006 2706 1009 2711 ’

162 2815 250 2880 Dioit
272 2816 371 2896 igitur
395 2835 429 2880 se
453 2816 609 2898 prohiberi
634 2817 804 2897 utriusque
828 2815 951 2897 generis
976 2816 1118 2879 earmina
1139 2816 1300 2898 praebere,

77 2921 130 2984 sed
154 2923 285 2986 61161166
307 2924 435 2986 tanturn
459 2922 575 2986 indolis
600 2923 760 3005 speeimen
782 2922 881 2986 611611.
926 2921 1040 2987 Utitur
1064 2924 1172 2986 autem
1196 2921 1300 2986 forma

76 3030 218 3093 neutrius
242 3029 366 3110 generis
393 3017 590 3125 <utriusque'
617 3029 649 3091 in
675 3049 701 3091 v.
715 3037 756 3094 39
782 3032 867 3094 eerto
889 3029 1015 3093 nomine
1032 3047 1095 3092 non
1122 3028 1236 3105 addito,
1259 3047 1300 3092 ne

77 3135 168 3198 nimis
184 3154 302 3217 genera
318 3135 496 3216 distinguat
510 3138 544 3199 et
560 3139 695 3218 separet.
726 3138 772 3199 Ae
791 3153 920 3230 tmunus
936 3122 1119 3200 Musarum'
1138 3153 1172 3198 se
1188 3133 1299 3199 offerre

78 3242 140 3324 ipse
163 3244 321 3306 monstrat
345 3241 536 3306 allooutione
565 3243 597 3304 in
622 3262 650 3305 v.
674 3250 714 3306 41
743 3242 782 3305 ad
806 3243 918 3306 Musas
946 3241 1031 3306 16616
1055 3241 1092 3306 ef.
1116 3241 1166 3306 rr.
1192 3240 1301 3306 Sohdll

78 3347 143 3412 16.
171 3369 201 3432 p.
224 3357 306 3425 471,
332 3357 359 3411 1.
410 3348 595 3444 cExspeotat
623 3349 722 3430 igtur
754 3385 795 3396 -
826 3352 864 3412 ut
885 3348 1075 3430 Kiesslingii
1103 3349 1208 3413 verbis
1231 3349 1250 3412 l.
1274 3367 1300 3412 6.

78 3473 105 3534 p.
129 3463 168 3520 16
191 3468 266 3519 6161
288 3491 330 3501 -
355 3455 410 3536 qui
441 3455 480 3519 ad
509 3455 589 3519 haee
619 3456 793 3520 attenderit
821 3456 964 3520 animum
994 3451 1059 3520 iam
1089 3457 1153 3520 1616
1181 3474 1299 3519 munus

80 3563 273 3637 secuturum,
309 3579 406 3642 quam
437 3562 705 3644 exspeotatiouem
737 3563 767 3626 ei
796 3562 993 3627 frustrantur
1014 3563 1079 3644 ‘qui
1108 3562 1177 3645 ipso
1205 3580 1300 3626 versu

81 3667 318 3749 quadragesimo
342 3686 471 3733 carmen
493 3655 633 3732 finiunt‘.

163 3880 232 3945 Iarn

342 3985 433 4053 Ultro
456 4007 510 4070 epo
532 3987 697 4068 deferrem,
723 3989 816 4068 eopia
838 3989 935 4069 siquo
955 3990 1038 4069 foret

81 4095 167 4171 poeta
194 4101 356 4160 1616140
386 4094 463 4158 11611
492 4094 532 4158 61
562 4095 696 4160 eandem
722 4095 879 4160 eautionis
908 4095 1075 4160 lenitatem
1108 4094 1233 4158 rediens
1256 4131 1299 4141 -

85 4187 281 4292 ‘utrumque'
298 4200 400 4265 videri
415 4200 631 4283 supplendum
645 4201 809 4266 Baehrens
826 4199 959 4266 adnotat
976 4235 1028 4280 -,
1045 4201 1189 4284 quoiam
1205 4202 1301 4266 antea
