2928 4724
610 195 768 284 ..L

69 378 245 443 fabricatio
268 378 354 443 facta
376 379 427 456 sit,
452 379 555 443 adhuc
577 379 790 463 disceptatum
813 399 889 445 nam
912 381 996 462 quod
1019 379 1204 445 dictumest
1228 399 1298 446 eam

69 486 237 568 Argolidis
259 486 420 569 propriam
442 484 554 564 fuisse,
576 487 610 550 id
633 488 672 552 ab
696 488 766 552 aliis
797 489 933 570 negatur
961 487 999 551 os.
1027 487 1067 552 Η.
1097 488 1136 552 de
1165 487 1299 552 Rohden

68 593 105 654 in
129 594 169 655 A.
192 591 406 660 Baumeisteri
429 589 563 655 Decem.
581 591 609 656 d.
632 591 673 656 Iol.
695 593 737 657 A.
759 614 783 656 s.
807 613 833 656 ο.
857 591 1067 658 Vaserrleaade
1089 593 1140 658 ΠΙ
1155 614 1184 677 p.
1203 602 1298 661 1936.
1435 589 1442 600 ’

71 706 173 764 1940.
210 698 304 764 Certe
320 699 421 762 multo
435 701 508 763 ante
522 698 668 782 Sapphus
692 702 830 764 aetatem
851 701 978 782 palmae
1001 703 1128 782 signum
1149 701 1183 764 in
1207 717 1299 764 orna·

68 805 195 869 mentis
219 804 377 868 usitatum
399 804 496 870 fuisse
521 807 646 870 constat
669 806 707 871 ci.
729 807 750 870 l.
766 826 791 871 c.
812 825 841 889 p.
859 815 954 872 1942.

166 911 231 976 Sed
265 911 305 975 ad
334 911 430 976 alium
461 930 585 993 quoque
613 913 768 977 rationem
798 913 922 978 decurri
950 915 1064 997 potest.
1109 914 1298 998 Accepimus

71 1019 163 1082 enim
186 1018 220 1081 in
242 1018 367 1101 Pythiis
390 1018 462 1082 inde
487 1019 526 1083 ab
549 1018 598 1084 Ol.
621 1028 673 1096 48,
698 1028 717 1085 3
741 1020 874 1084 dotores
898 1020 1018 1084 coronis
1035 1021 1152 1084 laureis
1169 1022 1298 1084 ornatos

71 1143 166 1202 esse,
191 1143 265 1189 cum
289 1126 382 1188 antea
410 1143 461 1188 res
490 1126 646 1208 pretiosae
678 1127 847 1202 darentur;
878 1145 959 1208 quae
988 1128 1098 1191 laurus
1127 1145 1251 1210 semper
1280 1145 1298 1192 e

72 1231 242 1296 Thessalis
267 1229 383 1314 Tempe
408 1249 427 1296 a
450 1231 549 1296 sacris
571 1233 726 1315 Apollinis
750 1233 913 1297 arboribus
938 1252 1011 1298 cum
1042 1233 1136 1297 certis
1168 1232 1298 1314 quibus-

71 1339 153 1402 dam
176 1338 375 1402 caerimoniis
398 1338 568 1421 petebatur
590 1338 629 1403 cf.
650 1339 788 1403 Pausan.
810 1340 841 1402 X
865 1349 902 1416 7,
926 1347 963 1414 3;
992 1340 1129 1421 reliquos
1152 1340 1237 1402 locos
1268 1359 1297 1402 v.

71 1445 108 1508 in
140 1445 258 1528 Paulyi
288 1444 445 1527 encyclop.
470 1463 494 1508 s.
516 1465 545 1508 v.
571 1433 726 1540 (Pythie'.
774 1443 864 1523 Quod
894 1447 965 1509 tum
994 1446 1027 1509 in
1053 1445 1178 1528 Pythiis
1206 1445 1298 1509 insti·

72 1554 188 1617 tutum
212 1554 271 1629 est,
293 1553 333 1614 ut
356 1569 487 1615 coronae
510 1551 637 1615 laureae
661 1550 822 1628 darentur,
844 1551 876 1615 id
901 1552 1026 1616 omnino
1048 1570 1166 1616 novum
1197 1553 1230 1616 et
1261 1569 1297 1615 eo

72 1677 181 1740 usque
204 1658 384 1722 inauditum
406 1657 506 1722 fuisse
527 1677 592 1721 non
613 1659 728 1741 potest
753 1659 827 1739 quia
850 1660 953 1723 omnis
980 1677 1049 1723 mos
1081 1659 1146 1722 iam
1175 1659 1208 1721 in
1235 1676 1298 1721 usu

74 1767 136 1843 est,
158 1765 347 1848 priusquam
369 1766 440 1846 lege
472 1765 579 1845 aliqua
610 1765 781 1829 sanciatur.
825 1765 895 1828 Iam
925 1765 952 1829 si
982 1765 1139 1830 sumimus
1168 1766 1298 1828 laurum

73 1872 217 1956 Apollini
241 1871 418 1952 antiquitus
442 1888 566 1935 sacram
588 1871 622 1934 in
644 1871 746 1935 Lesbo
770 1871 904 1952 triginta
926 1871 991 1935 fers
1021 1871 1112 1934 annis
1137 1872 1209 1934 ante
1233 1870 1297 1934 ric-

74 1979 177 2043 toriee
201 1979 379 2061 praemium
393 1977 539 2062 Sapphus
564 1977 791 2056 accelerasse,
815 1997 888 2042 oum
909 1979 1073 2060 praeterea
1089 1977 1127 2041 de
1142 1977 1311 2059 Apollinis

76 2086 273 2150 solemnibus
296 2085 468 2167 Mytilenae
499 2084 578 2148 actis
610 2086 733 2149 constet
757 2103 772 2149 e
793 2085 936 2167 Thucyd.
958 2084 1009 2148 ΠΙ
1040 2092 1057 2149 3
1087 2071 1297 2160 ’Λπόλλωνος

75 2190 269 2267 Μαλόεντος
295 2185 358 2268 ἔξω
388 2201 445 2276 τῆς
473 2189 600 2267 πόλεως
634 2187 726 2277 ἑορτή
733 2241 741 2270 ,
772 2187 805 2254 ἐν
833 2173 856 2278 ᾗ
884 2189 1048 2278 πανδημεὶ
1076 2189 1297 2276 Μυτιληναῖοι
1415 2225 1417 2236 =

75 2292 265 2384 ἑορτάζουσι
289 2297 326 2361 cf.
349 2297 557 2361 Wilamowitz
579 2295 696 2380 lsylbs
717 2317 747 2380 p.
772 2305 822 2363 99.
844 2298 976 2362 Meister
998 2295 1041 2361 D.
1063 2295 1176 2378 prieob.
1192 2294 1297 2361 Decet.

76 2405 147 2486 Ip.
173 2411 277 2486 65sq.,
301 2404 377 2485 quid
399 2405 474 2468 huic
497 2405 634 2488 opinioni
657 2404 697 2468 ad
720 2404 888 2469 veritatem
912 2405 1020 2469 deesse
1043 2407 1216 2487 putemus?

165 2509 249 2588 Quid
273 2511 300 2574 si
324 2510 449 2594 Sappho
472 2530 536 2575 non
558 2512 707 2593 palmam,
731 2510 786 2575 sed
809 2513 936 2576 laurum
958 2511 992 2576 in
1021 2513 1200 2594 puellarum
1232 2528 1297 2574 ser-

74 2636 169 2682 mone
191 2619 390 2682 nominavit?
414 2619 503 2682 cuius
526 2619 560 2682 in
582 2619 649 2682 loco
672 2619 811 2701 reposita
827 2622 876 2684 est
892 2637 911 2682 a
927 2618 1052 2683 Catullo
1075 2619 1190 2701 palma,
1215 2635 1296 2698 quas

75 2725 212 2789 maxime
235 2724 388 2788 Romanis
413 2724 617 2807 scriptoribus
647 2725 798 2789 victoriae
827 2725 1033 2789 simulacrum
1064 2726 1148 2801 erat,
1178 2725 1215 2787 ut
1240 2741 1297 2805 per

76 2850 109 2896 se
132 2832 239 2914 ipsum
261 2830 294 2893 id
316 2831 506 2895 vocabulum
535 2849 591 2915 pro
616 2832 770 2896 ¹victoriae
800 2833 926 2896 notione
956 2831 1101 2916 populari
1128 2831 1297 2894 consuetu-

2 2960 3 2968 *
76 2939 148 3003 dine
172 2939 390 3020 usurparetur.
435 2937 594 3002 Vetusius
619 2939 703 3002 enim
726 2937 788 3002 fuit
818 2938 902 3021 apud
924 2937 1084 3002 Romanos
1114 2938 1296 3020 palmarum

74 3063 153 3110 usus
176 3062 258 3108 anno
282 3063 308 3107 a.
331 3065 362 3107 u.
385 3052 449 3110 459
473 3045 506 3107 in
530 3045 692 3109 civitatem
714 3046 877 3128 receptus:
896 3043 1029 3124 palmae
1058 3047 1125 3106 lam
1151 3043 1296 3122 premam

75 3189 118 3200 —
148 3152 253 3233 inquit
281 3151 389 3215 Livius
418 3151 455 3214 X.
486 3159 544 3228 47,
576 3160 595 3216 3
627 3188 668 3198 -
692 3149 848 3214 baaslatc
874 3171 891 3215 e
916 3149 1057 3214 Graecia
1086 3169 1171 3214 more
1199 3149 1295 3213 cleto·

75 3258 165 3322 ribus
194 3258 357 3340 [ludorum
386 3257 588 3340 circensium]
619 3257 721 3322 datae.
774 3258 852 3322 Eius
888 3257 1025 3322 notionis
1048 3258 1150 3324 vicem
1180 3258 1293 3339 implet

77 3363 190 3429 laurus
212 3362 436 3443 triumphatis,
462 3383 524 3445 qua
544 3365 655 3448 Apollo
682 3365 749 3446 ipse
773 3363 935 3428 acincus
961 3368 1103 3444 tempora
1132 3383 1151 3428 a
1173 3364 1296 3427 Tibullo

75 3473 117 3536 11.
147 3478 182 3548 5,
213 3477 232 3536 5
262 3472 449 3554 appellatur.
501 3471 655 3554 Daphnae
692 3470 789 3534 Penei
819 3471 992 3535 Thessalici
1030 3471 1113 3535 filiae
1147 3471 1292 3535 mutatae

75 3580 153 3644 deus
176 3577 262 3660 apud
287 3576 436 3642 Ovidium
458 3577 491 3640 in
513 3579 588 3641 met.
611 3577 628 3640 I
652 3583 792 3658 558sqq.
816 3577 911 3641 dixit:

252 3732 260 3746 .
283 3732 290 3747 .
314 3683 421 3747 Arbor
444 3683 509 3746 eris
531 3685 612 3747 certe
634 3703 713 3747 mea.
759 3681 889 3763 Semper
911 3681 1069 3747 habehant

259 3789 302 3853 Te
326 3809 421 3867 coma,
444 3793 474 3853 te
496 3789 648 3866 citharae,
672 3793 858 3868 terraenae,
883 3788 981 3868 lacere,
1000 3789 1182 3870 pharetrae.

253 3895 304 3960 Ta
327 3895 459 3960 docebas
481 3895 590 3960 Latiis
613 3896 728 3974 aderis,
753 3917 824 3960 curre
849 3895 934 3960 lerata
955 3896 1153 3976 trimphum

260 4003 328 4069 Voa
349 4007 440 4068 canet
462 4007 492 4067 et
513 4003 614 4067 obeat
637 4001 746 4084 tropas
773 4000 935 4083 Capitolia
952 4021 1097 4084 pompas.
1184 4055 1187 4065 .

162 4110 226 4175 Sed
254 4112 327 4174 utra
364 4111 466 4193 opinio
496 4111 599 4174 verior
637 4111 679 4174 sit
710 4111 770 4174 etsi
800 4110 932 4174 dubium
962 4111 1061 4176 videri
1090 4110 1207 4194 possit,
1239 4127 1296 4189 ego

76 4223 183 4284 tamen
206 4237 410 4300 nequaquam
434 4219 645 4284 dubitandum
669 4237 737 4282 esse
762 4219 871 4295 statui,
895 4220 972 4299 quin
984 4215 1133 4297 palmam
1149 4216 1297 4282 Catullus
1401 4308 1410 4320 .
