2928 4724
561 239 719 328 „3⁷-

40 424 156 488 leminia
184 443 249 488 non
278 425 419 507 palmae,
449 425 506 490 sad
532 427 637 490 restes
667 426 816 507 vulgares
843 426 877 490 in
907 426 1116 492 domesticum
1144 447 1253 493 nsum.

42 531 98 595 Neo
120 531 338 613 significantur
363 521 615 628 tquasiHariae’,
639 532 714 613 quia
735 532 768 596 id
791 533 980 597 vocabulum
1000 535 1162 617 proprium
1184 534 1251 600 lero

42 639 83 702 est
104 656 268 703 servarum
290 638 342 702 vel
365 639 553 702 aneillarum
567 638 664 703 nendi
680 657 757 722 opus
774 640 988 704 exeroantium
1011 639 1062 724 (ef.
1082 641 1121 704 H.
1140 641 1252 705 Blim-

41 764 89 808 ner
109 745 129 808 l.
152 764 177 809 ο.
199 745 217 808 Ι
239 765 269 828 p.
295 753 413 826 107sq.
438 751 511 821 108,
536 745 577 828 6),
601 745 656 810 sed
679 745 804 828 puellae
826 746 963 811 rusticae
987 747 1021 810 et
1042 747 1207 829 ingenuae.

119 851 218 915 Porro
242 851 281 916 de
308 852 397 946 ⁸toga
419 837 518 934 piota’
545 851 640 916 etde
666 853 788 946 ‘tunica
802 839 956 934 palmata'
983 853 1114 934 eogitari
1129 854 1252 935 nequit.

42 958 152 1022 Doeeut
184 957 313 1039 quidem
336 957 431 1021 verba
453 957 541 1022 Festi
562 976 592 1040 p.
617 964 709 1034 209⁵,
734 966 775 1023 23
798 959 894 1023 haee:
918 959 1030 1022 toalea
1052 961 1157 1023 αοέαο
1173 958 1252 1040 pat

42 1067 120 1126 moto
135 1084 157 1127 α
172 1062 345 1128 latitudine
366 1062 527 1126 clavorum
544 1063 716 1142 dicebatur,
740 1084 822 1144 qaae
843 1083 930 1128 οαασ
945 1085 967 1128 α
979 1083 1091 1147 genere
1102 1065 1253 1147 picturae

42 1169 215 1250 appellator
236 1171 378 1236 tunicam
401 1171 490 1234 illam
511 1171 691 1253 palmarum
715 1171 814 1252 signis
838 1173 983 1236 ornatam
1005 1171 1114 1251 fuisse,
1143 1175 1252 1238 tamen

43 1296 141 1341 aomm
169 1278 433 1342 vestimentorum
460 1295 539 1341 usus
569 1279 636 1342 tam
667 1278 836 1360 singularis
859 1277 937 1355 fuit,
968 1281 1006 1343 ut
1029 1279 1097 1343 eius
1121 1281 1252 1344 ornatus

43 1402 88 1448 ers
110 1384 147 1448 ad
178 1383 297 1449 Catulli
326 1384 431 1448 laeum
462 1402 526 1447 non
554 1384 720 1466 pertineat.
771 1385 855 1448 Iovis
879 1385 964 1448 enim
991 1384 1052 1449 fuit
1080 1386 1135 1450 ille
1161 1404 1254 1450 orna-

43 1491 102 1568 tus,
136 1510 197 1572 quo
228 1490 462 1573 triumphantes
492 1490 639 1554 honorari
668 1491 812 1556 solebant
841 1491 892 1575 (ol.
915 1491 982 1555 Lir.
1004 1491 1035 1555 X
1070 1501 1104 1570 7,
1134 1492 1253 1576 9.10)‚

44 1597 92 1660 sed
120 1597 297 1662 Gordianus
327 1597 353 1660 Ι.
384 1596 513 1661 demum
545 1595 724 1676 palnatum
758 1597 902 1660 tualeam
936 1601 966 1661 el
997 1601 1101 1679 togam
1128 1598 1255 1679 piatam
1352 1601 1354 1605 ’

39 1703 158 1782 primus
186 1702 408 1768 Romanorum
435 1703 586 1782 privatus
614 1723 708 1766 suam
734 1704 903 1783 propriam
925 1703 1054 1782 aomo,
1084 1725 1156 1768 eam
1178 1710 1255 1770 onte

43 1809 241 1889 imperatores
257 1807 416 1873 elimaret
431 1808 469 1872 de
487 1806 645 1889 Capitolio
661 1809 840 1890 acciperent
853 1808 903 1874 vel
917 1809 955 1874 de
964 1809 1095 1875 Palatio
1107 1811 1159 1895 (of.
1175 1811 1256 1878 Gor·

43 1915 121 1980 diani
143 1924 172 1980 4.
194 1916 225 1980 J.
248 1914 447 1997 Marquardt,
470 1914 653 1980 Haodbaot
675 1915 732 1979 der
754 1919 830 1979 rdm.
853 1915 987 1981 Aderit.
1005 1917 1056 1982 IH
1072 1925 1100 1996 2,
1120 1938 1149 2001 p.
1170 1915 1254 1994 448}

42 2020 125 2085 Βὸοι.
161 2020 403 2086 Privatallertt.
435 2021 470 2086 H
510 2041 540 2104 p.
578 2029 641 2088 150
654 2059 695 2068 -
711 2023 796 2106 152).
854 2022 1054 2106 Omninoque
1097 2043 1148 2089 ars
1195 2044 1255 2090 aeu

41 2129 181 2210 pingendi
205 2129 270 2193 sive
294 2128 441 2193 insuendi
465 2128 548 2211 apud
568 2129 728 2194 Romanos
751 2148 814 2193 non
836 2128 954 2193 initia
970 2132 1130 2195 eommuni
1147 2132 1254 2213 aliquo

43 2255 167 2300 uxorum
189 2235 433 2319 puellarumque
456 2253 532 2312 usu,
556 2235 640 2317 quod
668 2235 753 2300 idem
783 2235 822 2300 de
844 2236 983 2318 Augusti
1013 2239 1118 2302 aetate
1147 2237 1256 2303 firmat

42 2343 224 2406 testimoniis
247 2341 451 2406 Friedltnder
478 2341 509 2404 Ιὃ
536 2361 566 2424 p.
589 2349 723 2424 456sq.‚
747 2342 802 2406 sed
835 2344 874 2406 ab
903 2342 963 2406 hoo
992 2345 1140 2426 separata
1169 2363 1257 2409 exer-

41 2449 164 2513 cebatur
199 2450 257 2512 eut
287 2467 306 2512 a
344 2449 438 2512 oertis
477 2448 668 2529 quibusdam
701 2449 867 2514 hominum
907 2449 1075 2530 generibus
1117 2451 1205 2515 velut
1234 2466 1256 2515 a

43 2541 300 2649 ‘phrygionibus'
327 2556 382 2637 qui
404 2557 558 2620 vooantur
580 2558 614 2620 et
639 2543 834 2650 ‘plumariis'
861 2557 918 2619 aut
939 2556 979 2620 ab
1004 2556 1143 2634 aneillis,
1174 2576 1255 2638 quae

43 2662 164 2742 quidem
193 2680 265 2725 eam
293 2661 523 2744 profitebantur
554 2660 592 2725 ei.
622 2661 652 2726 J.
675 2660 877 2742 Marquardt‚
900 2660 991 2724 Rdrn.
1014 2660 1256 2728 Privatallerih.

41 2767 128 2851 Hp.
160 2775 278 2849 149sq.
310 2775 493 2834 146-148.
532 2767 573 2832 H.
595 2767 748 2830 Blsrmner
777 2768 797 2830 l.
828 2786 853 2830 e.
881 2767 900 2830 I
927 2787 957 2850 p.
982 2775 1055 2833 209.
1086 2776 1166 2844 2113
1196 2770 1258 2834 looi

42 2877 144 2939 autem
169 2875 359 2958 scriptorum
382 2875 607 2952 Romanorum,
637 2874 670 2937 iu
702 2875 816 2955 quibus
849 2892 886 2938 ea
917 2893 968 2938 are
998 2875 1129 2957 eiusque
1160 2895 1257 2959 opera

41 2982 261 3058 memorantur,
285 2981 325 3044 ad
349 2980 543 3046 Graecorum
567 2981 758 3063 orientisque
782 2983 885 3045 artem
908 2982 1069 3064 spectant,
1100 2982 1184 3047 unde
1215 2983 1256 3048 ad

42 3087 195 3153 Romanos
218 3088 252 3152 id
275 3088 354 3152 artis
378 3105 478 3169 genus
502 3087 631 3151 demum
653 3089 849 3169 pervenerat.

122 3196 194 3259 Iam
216 3213 290 3259 vero
314 3212 331 3258 e
355 3194 458 3275 qualis
481 3194 589 3276 palma
612 3194 710 3258 etiam
732 3195 902 3258 intexendo
926 3193 1033 3276 affingi
1055 3196 1176 3277 potuit,
1200 3195 1256 3260 sad

43 3319 76 3364 ea
100 3302 223 3366 textilia
253 3301 407 3366 varietate
437 3300 582 3365 liciorum
611 3299 751 3382 effigiata
780 3301 845 3365 eive
860 3297 1014 3382 'sigillata
1043 3301 1063 3363 i.
1095 3320 1120 3365 e.
1150 3299 1257 3364 Boot

44 3407 184 3472 wirterea'
211 3408 347 3471 maxime
377 3425 490 3489 graeca
518 3409 584 3471 arte
615 3406 833 3472 efficiebantur
851 3426 921 3472 ‘nea
950 3426 1104 3489 umquam
1132 3409 1258 3490 vulgari

43 3514 145 3595 aliqua
166 3515 344 3597 puellarum
367 3515 418 3578 val
440 3532 576 3578 uxorum
591 3513 816 3578 Romanarum.
851 3513 932 3578 Ham
948 3516 1051 3578 artem
1074 3533 1112 3578 ex
1136 3516 1257 3580 oriente

44 3623 215 3704 acceptam,
242 3620 274 3684 id
304 3619 387 3701 quod
415 3621 591 3702 figurarum
630 3638 755 3702 quoque
783 3621 978 3684 intentatum
1017 3639 1134 3702 genera
1170 3639 1259 3686 ooar·

44 3730 149 3805 guunt,
172 3728 237 3791 iam
259 3727 434 3792 Homeriais
465 3727 659 3809 temporibus
690 3726 826 3791 feminae
858 3727 1031 3803 callebant,
1065 3729 1104 3791 ut
1134 3727 1258 3792 Helena

46 3836 210 3915 F12tsq.
231 3831 333 3917 μέγαν
357 3829 445 3898 ἱστὸν
467 3832 608 3919 ὕφαινεν,
632 3880 667 3896 ..
692 3830 817 3910 πολέας
845 3821 879 3897 d’
912 3830 1089 3898 ἐνέπασσεν
1116 3831 1260 3912 ἀέθλους

50 3939 161 4023 Τρώων
181 3926 225 4003 e‘
251 3933 451 4020 ἱπποδάμων
473 3935 531 4003 καὶ
544 3925 685 4019 ’Λχαιῶν
705 3939 948 4019 χαλκοχιτώνων
980 3942 1014 4004 et
1036 3940 1257 4006 Andromache
1287 3995 1297 4020 ,

46 4041 71 4106 X
91 4053 156 4110 440
166 4063 212 4126 sq.
236 4039 325 4110 ἱστὸν
345 4044 461 4132 ὕφαινε
482 4044 573 4130 μυχῷ
596 4044 696 4127 δόμου
719 4045 861 4133 ὑψηλοῖο
889 4046 920 4129 (i.
938 4064 963 4110 e.
986 4047 1020 4109 in
1043 4045 1198 4128 thalamo)
1222 4094 1259 4109 ..

48 4145 75 4210 ἐν
100 4149 136 4216 δὲ
166 4149 271 4236 θρόνα
301 4138 431 4215 ποικίλ’
456 4146 597 4216 ἔπασσεν
626 4151 664 4216 ol.
687 4152 727 4215 H.
750 4152 904 4216 Blrimner
926 4153 945 4214 l.
977 4152 1041 4216 al
1078 4171 1108 4235 p.
1139 4159 1259 4234 153sq.

47 4253 168 4322 Hisdem
195 4260 304 4322 autam
333 4258 494 4322 vocabulis
526 4277 577 4322 ars
608 4260 641 4322 et
668 4259 816 4323 insuendi
846 4259 879 4322 et
906 4258 1068 4323 intexendi
1097 4259 1261 4324 variorum

93 4379 202 4430 Weber.
217 4379 363 4429 Quaestione·
377 4379 521 4424 catullinum.
1028 4364 1045 4416 2
