<?xml version="1.0" encoding="UTF-8"?>
<!DOCTYPE html PUBLIC "-//W3C//DTD XHTML 1.0 Transitional//EN"
    "http://www.w3.org/TR/xhtml1/DTD/xhtml1-transitional.dtd">
<html xmlns="http://www.w3.org/1999/xhtml" xml:lang="en" lang="en">
 <head>
  <title>
</title>
<meta http-equiv="Content-Type" content="text/html;charset=utf-8" />
  <meta name='ocr-system' content='tesseract 3.04.00' />
  <meta name='ocr-capabilities' content='ocr_page ocr_carea ocr_par ocr_line ocrx_word'/>
</head>
<body>
  <div class='ocr_page' id='page_1' title='image "./quaestonescatul00webegoog_0067.png"; bbox 0 0 2928 4724; ppageno 0'>
   <div class='ocr_carea' id='block_1_1' title="bbox 791 195 832 250">
    <p class='ocr_par' dir='ltr' id='par_1_1' title="bbox 791 195 832 250">
     <span class='ocr_line' id='line_1_1' title="bbox 791 195 832 250; baseline -0.024 0"><span class='ocrx_word' id='word_1_1' title='bbox 791 195 832 250; x_wconf 78' lang='lat'>52</span> 
     </span>
    </p>
   </div>
   <div class='ocr_carea' id='block_1_2' title="bbox 375 369 1236 574">
    <p class='ocr_par' dir='ltr' id='par_1_2' title="bbox 375 249 1450 574">
     <span class='ocr_line' id='line_1_2' title="bbox 375 369 1236 467; baseline 0 -23"><span class='ocrx_word' id='word_1_2' title='bbox 375 369 493 445; x_wconf 83' lang='grc' dir='ltr'><strong><em>Ἡνίκα</em></strong></span> <span class='ocrx_word' id='word_1_3' title='bbox 515 377 574 463; x_wconf 80' lang='grc' dir='ltr'>μὲν</span> <span class='ocrx_word' id='word_1_4' title='bbox 596 380 656 464; x_wconf 78' lang='grc' dir='ltr'>γὰρ</span> <span class='ocrx_word' id='word_1_5' title='bbox 679 378 784 445; x_wconf 80' lang='grc' dir='ltr'>ταύτὰ</span> <span class='ocrx_word' id='word_1_6' title='bbox 806 377 975 467; x_wconf 76' lang='grc' dir='ltr'><strong><em>φαείνεται</em></strong></span> <span class='ocrx_word' id='word_1_7' title='bbox 999 378 1236 466; x_wconf 73' lang='grc' dir='ltr'><strong><em>ἀνθρώποισιν,</em></strong></span> 
     </span>
     <span class='ocr_line' id='line_1_3' title="bbox 376 474 1208 574; baseline 0.001 -24"><span class='ocrx_word' id='word_1_8' title='bbox 376 484 470 552; x_wconf 82' lang='grc' dir='ltr'><strong><em>αὐτοὶ</em></strong></span> <span class='ocrx_word' id='word_1_9' title='bbox 491 484 552 569; x_wconf 82' lang='grc' dir='ltr'>μὲν</span> <span class='ocrx_word' id='word_1_10' title='bbox 574 474 737 574; x_wconf 61' lang='grc' dir='ltr'><strong><em>φιλέοοσ),</em></strong></span> <span class='ocrx_word' id='word_1_11' title='bbox 761 485 855 553; x_wconf 78' lang='grc' dir='ltr'><strong><em>αὐτοὶ</em></strong></span> <span class='ocrx_word' id='word_1_12' title='bbox 877 484 915 552; x_wconf 83' lang='lat' dir='ltr'>ds&#39;</span> <span class='ocrx_word' id='word_1_13' title='bbox 935 509 971 552; x_wconf 83' lang='grc' dir='ltr'>τε</span> <span class='ocrx_word' id='word_1_14' title='bbox 993 483 1208 574; x_wconf 81' lang='grc' dir='ltr'><strong><em>πεφρίκασιν·</em></strong></span> 
     </span>
    </p>
   </div>
   <div class='ocr_carea' id='block_1_3' title="bbox 196 581 1456 4286">
    <p class='ocr_par' dir='ltr' id='par_1_3' title="bbox 198 581 1416 890">
     <span class='ocr_line' id='line_1_4' title="bbox 374 581 1179 680; baseline 0 -22"><span class='ocrx_word' id='word_1_15' title='bbox 374 581 545 679; x_wconf 57' lang='grc' dir='ltr'><strong><em>(Εσπέριον</em></strong></span> <span class='ocrx_word' id='word_1_16' title='bbox 567 590 744 680; x_wconf 79' lang='grc' dir='ltr'><strong><em>φιλέουσιν,</em></strong></span> <span class='ocrx_word' id='word_1_17' title='bbox 768 592 851 680; x_wconf 79' lang='grc' dir='ltr'><strong><em>ἀτὰρ</em></strong></span> <span class='ocrx_word' id='word_1_18' title='bbox 874 590 1062 678; x_wconf 80' lang='grc' dir='ltr'><strong><em>στυγέουσιν</em></strong></span> <span class='ocrx_word' id='word_1_19' title='bbox 1081 582 1179 658; x_wconf 60' lang='grc' dir='ltr'>ίΕῶον</span> 
     </span>
     <span class='ocr_line' id='line_1_5' title="bbox 199 699 1416 782; baseline 0 -16"><span class='ocrx_word' id='word_1_20' title='bbox 199 702 250 766; x_wconf 88' lang='lat' dir='ltr'>eui</span> <span class='ocrx_word' id='word_1_21' title='bbox 272 701 340 766; x_wconf 90' lang='lat' dir='ltr'>looo</span> <span class='ocrx_word' id='word_1_22' title='bbox 365 699 487 764; x_wconf 81' lang='lat' dir='ltr'>addidit</span> <span class='ocrx_word' id='word_1_23' title='bbox 508 700 613 764; x_wconf 93' lang='lat' dir='ltr'>Bonin</span> <span class='ocrx_word' id='word_1_24' title='bbox 636 700 656 763; x_wconf 94' lang='lat' dir='ltr'>l.</span> <span class='ocrx_word' id='word_1_25' title='bbox 680 719 706 764; x_wconf 89' lang='lat' dir='ltr'>e.</span> <span class='ocrx_word' id='word_1_26' title='bbox 729 719 758 782; x_wconf 87' lang='lat' dir='ltr'>p.</span> <span class='ocrx_word' id='word_1_27' title='bbox 784 710 802 767; x_wconf 85' lang='lat'><strong>6</strong></span> <span class='ocrx_word' id='word_1_28' title='bbox 828 718 865 764; x_wconf 85' lang='lat' dir='ltr'>ex</span> <span class='ocrx_word' id='word_1_29' title='bbox 894 701 1014 766; x_wconf 89' lang='lat' dir='ltr'>anthol.</span> <span class='ocrx_word' id='word_1_30' title='bbox 1040 701 1109 765; x_wconf 90' lang='lat' dir='ltr'>Pal.</span> <span class='ocrx_word' id='word_1_31' title='bbox 1131 701 1161 764; x_wconf 83' lang='lat' dir='ltr'><strong>V</strong></span> <span class='ocrx_word' id='word_1_32' title='bbox 1187 708 1253 766; x_wconf 71' lang='lat'>172</span> <span class='ocrx_word' id='word_1_33' title='bbox 1274 701 1416 782; x_wconf 75' lang='lat' dir='ltr'><strong>Meleagri</strong></span> 
     </span>
     <span class='ocr_line' id='line_1_6' title="bbox 198 807 498 890; baseline -0.007 -19"><span class='ocrx_word' id='word_1_34' title='bbox 198 807 395 890; x_wconf 89' lang='lat' dir='ltr'>epigramma</span> <span class='ocrx_word' id='word_1_35' title='bbox 418 807 498 870; x_wconf 87' lang='lat' dir='ltr'>hoo:</span> 
     </span>
    </p>

    <p class='ocr_par' dir='ltr' id='par_1_4' title="bbox 368 900 1375 1003">
     <span class='ocr_line' id='line_1_7' title="bbox 368 900 1375 1003; baseline 0.002 -25"><span class='ocrx_word' id='word_1_36' title='bbox 368 900 504 998; x_wconf 74' lang='grc' dir='ltr'><strong><em>Ὄρθρε,</em></strong></span> <span class='ocrx_word' id='word_1_37' title='bbox 528 909 562 976; x_wconf 84' lang='grc' dir='ltr'>τί</span> <span class='ocrx_word' id='word_1_38' title='bbox 583 936 649 995; x_wconf 90' lang='grc' dir='ltr'><strong><em>μοι,</em></strong></span> <span class='ocrx_word' id='word_1_39' title='bbox 674 910 857 998; x_wconf 83' lang='grc' dir='ltr'><strong><em>όοσέραστε,</em></strong></span> <span class='ocrx_word' id='word_1_40' title='bbox 881 914 979 994; x_wconf 82' lang='grc' dir='ltr'><strong><em>ταχὺς</em></strong></span> <span class='ocrx_word' id='word_1_41' title='bbox 1002 912 1080 1000; x_wconf 82' lang='grc' dir='ltr'><strong><em>περὶ</em></strong></span> <span class='ocrx_word' id='word_1_42' title='bbox 1103 918 1213 980; x_wconf 87' lang='grc' dir='ltr'><strong><em>κοῖτον</em></strong></span> <span class='ocrx_word' id='word_1_43' title='bbox 1235 910 1375 1003; x_wconf 74' lang='grc' dir='ltr'><strong><em>ἐπέστης</em></strong></span> 
     </span>
    </p>

    <p class='ocr_par' dir='ltr' id='par_1_5' title="bbox 422 1016 1148 1107">
     <span class='ocr_line' id='line_1_8' title="bbox 422 1016 1148 1107; baseline 0.001 -24"><span class='ocrx_word' id='word_1_44' title='bbox 422 1018 497 1105; x_wconf 80' lang='grc' dir='ltr'><strong><em>όῖρτι</em></strong></span> <span class='ocrx_word' id='word_1_45' title='bbox 520 1016 622 1106; x_wconf 82' lang='grc' dir='ltr'><strong><em>φίλας</em></strong></span> <span class='ocrx_word' id='word_1_46' title='bbox 645 1021 776 1107; x_wconf 81' lang='grc' dir='ltr'><strong><em>Δημοῦς</em></strong></span> <span class='ocrx_word' id='word_1_47' title='bbox 796 1018 896 1105; x_wconf 87' lang='grc' dir='ltr'><strong><em>χρωτὶ</em></strong></span> <span class='ocrx_word' id='word_1_48' title='bbox 917 1018 1148 1106; x_wconf 81' lang='grc' dir='ltr'><strong><em>χλιαινομένῳ,·</em></strong></span> 
     </span>
    </p>

    <p class='ocr_par' dir='ltr' id='par_1_6' title="bbox 380 1113 1452 1226">
     <span class='ocr_line' id='line_1_9' title="bbox 380 1113 1452 1226; baseline 0.002 -35"><span class='ocrx_word' id='word_1_49' title='bbox 380 1122 466 1191; x_wconf 70' lang='lat' dir='ltr'>Eira</span> <span class='ocrx_word' id='word_1_50' title='bbox 489 1125 591 1191; x_wconf 75' lang='lat' dir='ltr'>rudior</span> <span class='ocrx_word' id='word_1_51' title='bbox 614 1124 763 1212; x_wconf 77' lang='grc' dir='ltr'><strong><em>στρέψας</em></strong></span> <span class='ocrx_word' id='word_1_52' title='bbox 784 1127 913 1207; x_wconf 89' lang='grc' dir='ltr'><strong><em>ταχινὸν</em></strong></span> <span class='ocrx_word' id='word_1_53' title='bbox 936 1126 1056 1213; x_wconf 82' lang='grc' dir='ltr'><strong><em>δρόμον</em></strong></span> <span class='ocrx_word' id='word_1_54' title='bbox 1072 1113 1233 1213; x_wconf 74' lang='grc' dir='ltr'><strong><em>Ἕσπερος</em></strong></span> <span class='ocrx_word' id='word_1_55' title='bbox 1255 1123 1333 1216; x_wconf 80' lang='grc' dir='ltr'><strong><em>εἴης,</em></strong></span> <span class='ocrx_word' id='word_1_56' title='bbox 1451 1199 1452 1226; x_wconf 23' lang='lat'>¹</span> 
     </span>
    </p>

    <p class='ocr_par' dir='ltr' id='par_1_7' title="bbox 421 1228 1197 1320">
     <span class='ocr_line' id='line_1_10' title="bbox 421 1228 1197 1320; baseline 0.003 -24"><span class='ocrx_word' id='word_1_57' title='bbox 421 1229 448 1296; x_wconf 83' lang='grc' dir='ltr'><strong><em>ὦ</em></strong></span> <span class='ocrx_word' id='word_1_58' title='bbox 470 1232 568 1318; x_wconf 75' lang='grc' dir='ltr'><strong><em>γλυκὺ</em></strong></span> <span class='ocrx_word' id='word_1_59' title='bbox 590 1245 662 1320; x_wconf 80' lang='grc' dir='ltr'>φῶς</span> <span class='ocrx_word' id='word_1_60' title='bbox 684 1232 814 1316; x_wconf 78' lang='grc' dir='ltr'><strong><em>βάλλων</em></strong></span> <span class='ocrx_word' id='word_1_61' title='bbox 837 1228 884 1310; x_wconf 87' lang='grc' dir='ltr'>εἷς</span> <span class='ocrx_word' id='word_1_62' title='bbox 907 1228 964 1316; x_wconf 80' lang='grc' dir='ltr'>ἐμὲ</span> <span class='ocrx_word' id='word_1_63' title='bbox 987 1233 1197 1320; x_wconf 78' lang='grc' dir='ltr'><strong><em>πικρότατον.</em></strong></span> 
     </span>
    </p>

    <p class='ocr_par' dir='ltr' id='par_1_8' title="bbox 371 1326 1285 1428">
     <span class='ocr_line' id='line_1_11' title="bbox 371 1326 1285 1428; baseline 0.002 -24"><span class='ocrx_word' id='word_1_64' title='bbox 371 1326 457 1427; x_wconf 77' lang='grc' dir='ltr'>Ἤδη</span> <span class='ocrx_word' id='word_1_65' title='bbox 480 1340 540 1425; x_wconf 76' lang='grc' dir='ltr'>γὰρ</span> <span class='ocrx_word' id='word_1_66' title='bbox 563 1338 620 1406; x_wconf 86' lang='grc' dir='ltr'>καὶ</span> <span class='ocrx_word' id='word_1_67' title='bbox 644 1339 792 1426; x_wconf 67' lang='grc' dir='ltr'><strong><em>πρόσθεν</em></strong></span> <span class='ocrx_word' id='word_1_68' title='bbox 814 1327 871 1404; x_wconf 74' lang='grc' dir='ltr'>ἐπ’</span> <span class='ocrx_word' id='word_1_69' title='bbox 896 1329 1060 1428; x_wconf 74' lang='grc' dir='ltr'><strong><em>Ἀλκμήνῃ</em></strong></span> <span class='ocrx_word' id='word_1_70' title='bbox 1083 1341 1163 1418; x_wconf 85' lang='grc' dir='ltr'><strong><em>Διὸς</em></strong></span> <span class='ocrx_word' id='word_1_71' title='bbox 1185 1336 1285 1428; x_wconf 72' lang='grc' dir='ltr'><strong><em>ἦλθες</em></strong></span> 
     </span>
    </p>

    <p class='ocr_par' dir='ltr' id='par_1_9' title="bbox 196 1442 1453 2277">
     <span class='ocr_line' id='line_1_12' title="bbox 420 1442 1117 1534; baseline 0 -24"><span class='ocrx_word' id='word_1_72' title='bbox 420 1442 545 1523; x_wconf 78' lang='grc' dir='ltr'><strong><em>ἀντίος·</em></strong></span> <span class='ocrx_word' id='word_1_73' title='bbox 568 1444 626 1511; x_wconf 81' lang='grc' dir='ltr'>οὐκ</span> <span class='ocrx_word' id='word_1_74' title='bbox 648 1445 751 1534; x_wconf 76' lang='grc' dir='ltr'><strong><em>ἀδαὴς</em></strong></span> <span class='ocrx_word' id='word_1_75' title='bbox 773 1442 844 1512; x_wconf 79' lang='grc' dir='ltr'><strong><em>ἐσσὶ</em></strong></span> <span class='ocrx_word' id='word_1_76' title='bbox 867 1444 1117 1534; x_wconf 81' lang='grc' dir='ltr'><strong><em>παλινδρομίης.</em></strong></span> 
     </span>
     <span class='ocr_line' id='line_1_13' title="bbox 198 1543 1453 1636; baseline -0.001 -17"><span class='ocrx_word' id='word_1_77' title='bbox 198 1555 260 1619; x_wconf 89' lang='lat' dir='ltr'>Illa</span> <span class='ocrx_word' id='word_1_78' title='bbox 285 1554 414 1636; x_wconf 89' lang='lat' dir='ltr'>quidem</span> <span class='ocrx_word' id='word_1_79' title='bbox 440 1554 546 1636; x_wconf 90' lang='lat' dir='ltr'>priora</span> <span class='ocrx_word' id='word_1_80' title='bbox 578 1572 597 1616; x_wconf 93' lang='lat' dir='ltr'>a</span> <span class='ocrx_word' id='word_1_81' title='bbox 626 1554 772 1618; x_wconf 89' lang='lat' dir='ltr'>Bentleio</span> <span class='ocrx_word' id='word_1_82' title='bbox 804 1553 842 1617; x_wconf 89' lang='lat' dir='ltr'>da</span> <span class='ocrx_word' id='word_1_83' title='bbox 871 1555 963 1618; x_wconf 83' lang='lat' dir='ltr'>novis</span> <span class='ocrx_word' id='word_1_84' title='bbox 993 1555 1118 1618; x_wconf 90' lang='lat' dir='ltr'>maritis</span> <span class='ocrx_word' id='word_1_85' title='bbox 1148 1546 1313 1618; x_wconf 78' lang='lat' dir='ltr'>intellecta</span> <span class='ocrx_word' id='word_1_86' title='bbox 1343 1556 1417 1630; x_wconf 82' lang='lat' dir='ltr'>sunt</span> <span class='ocrx_word' id='word_1_87' title='bbox 1452 1543 1453 1588; x_wconf 50' lang='grc' dir='ltr'><strong><em>λ</em></strong></span> 
     </span>
     <span class='ocr_line' id='line_1_14' title="bbox 202 1658 1418 1744; baseline -0.001 -19"><span class='ocrx_word' id='word_1_88' title='bbox 202 1662 312 1726; x_wconf 85' lang='lat' dir='ltr'>eontra</span> <span class='ocrx_word' id='word_1_89' title='bbox 336 1660 414 1724; x_wconf 88' lang='lat' dir='ltr'>dieit</span> <span class='ocrx_word' id='word_1_90' title='bbox 437 1658 473 1724; x_wconf 90' lang='lat'>0.</span> <span class='ocrx_word' id='word_1_91' title='bbox 506 1659 679 1724; x_wconf 78' lang='lat' dir='ltr'>Schneider</span> <span class='ocrx_word' id='word_1_92' title='bbox 708 1661 742 1724; x_wconf 94' lang='lat' dir='ltr'>in</span> <span class='ocrx_word' id='word_1_93' title='bbox 772 1659 996 1726; x_wconf 84' lang='lat' dir='ltr'>Callimaoheis</span> <span class='ocrx_word' id='word_1_94' title='bbox 1025 1661 1060 1725; x_wconf 93' lang='grc' dir='ltr'>Π</span> <span class='ocrx_word' id='word_1_95' title='bbox 1088 1681 1118 1744; x_wconf 90' lang='lat' dir='ltr'>p.</span> <span class='ocrx_word' id='word_1_96' title='bbox 1149 1669 1222 1728; x_wconf 77' lang='lat'>203.</span> <span class='ocrx_word' id='word_1_97' title='bbox 1270 1660 1335 1726; x_wconf 85' lang='lat' dir='ltr'>Sed</span> <span class='ocrx_word' id='word_1_98' title='bbox 1363 1662 1418 1726; x_wconf 88' lang='lat' dir='ltr'>sint</span> 
     </span>
     <span class='ocr_line' id='line_1_15' title="bbox 198 1766 1418 1848; baseline 0 -17"><span class='ocrx_word' id='word_1_99' title='bbox 198 1768 245 1832; x_wconf 87' lang='lat' dir='ltr'>ita</span> <span class='ocrx_word' id='word_1_100' title='bbox 267 1767 324 1831; x_wconf 90' lang='lat' dir='ltr'>illa</span> <span class='ocrx_word' id='word_1_101' title='bbox 346 1766 578 1848; x_wconf 89' lang='lat' dir='ltr'>intellegenda;</span> <span class='ocrx_word' id='word_1_102' title='bbox 603 1769 688 1830; x_wconf 89' lang='lat' dir='ltr'>eerte</span> <span class='ocrx_word' id='word_1_103' title='bbox 711 1767 800 1845; x_wconf 87' lang='lat' dir='ltr'>haee,</span> <span class='ocrx_word' id='word_1_104' title='bbox 825 1785 907 1848; x_wconf 89' lang='lat' dir='ltr'>quae</span> <span class='ocrx_word' id='word_1_105' title='bbox 930 1768 1164 1832; x_wconf 81' lang='lat' dir='ltr'>Alexandrinae</span> <span class='ocrx_word' id='word_1_106' title='bbox 1195 1769 1311 1832; x_wconf 85' lang='lat' dir='ltr'>aetatis</span> <span class='ocrx_word' id='word_1_107' title='bbox 1341 1787 1418 1832; x_wconf 81' lang='lat' dir='ltr'>ama</span> 
     </span>
     <span class='ocr_line' id='line_1_16' title="bbox 196 1873 1417 1956; baseline 0 -18"><span class='ocrx_word' id='word_1_108' title='bbox 196 1874 298 1939; x_wconf 90' lang='lat' dir='ltr'>toriae</span> <span class='ocrx_word' id='word_1_109' title='bbox 328 1873 417 1956; x_wconf 90' lang='lat' dir='ltr'>poesi</span> <span class='ocrx_word' id='word_1_110' title='bbox 447 1873 668 1936; x_wconf 77' lang='lat' dir='ltr'>convenientia</span> <span class='ocrx_word' id='word_1_111' title='bbox 704 1875 795 1950; x_wconf 82' lang='lat' dir='ltr'>sunt,</span> <span class='ocrx_word' id='word_1_112' title='bbox 830 1893 904 1938; x_wconf 93' lang='lat' dir='ltr'>oum</span> <span class='ocrx_word' id='word_1_113' title='bbox 940 1892 959 1938; x_wconf 90' lang='lat' dir='ltr'>a</span> <span class='ocrx_word' id='word_1_114' title='bbox 990 1874 1111 1940; x_wconf 80' lang='lat' dir='ltr'>Catulli</span> <span class='ocrx_word' id='word_1_115' title='bbox 1141 1875 1271 1956; x_wconf 88' lang='lat' dir='ltr'>quidem</span> <span class='ocrx_word' id='word_1_116' title='bbox 1300 1875 1417 1956; x_wconf 89' lang='lat' dir='ltr'>ingenio</span> 
     </span>
     <span class='ocr_line' id='line_1_17' title="bbox 199 1978 1418 2063; baseline -0.001 -18"><span class='ocrx_word' id='word_1_117' title='bbox 199 1982 303 2045; x_wconf 89' lang='lat' dir='ltr'>aliena</span> <span class='ocrx_word' id='word_1_118' title='bbox 327 1981 418 2056; x_wconf 88' lang='lat' dir='ltr'>sunt,</span> <span class='ocrx_word' id='word_1_119' title='bbox 448 1981 520 2043; x_wconf 92' lang='lat' dir='ltr'>tum</span> <span class='ocrx_word' id='word_1_120' title='bbox 550 1980 589 2043; x_wconf 89' lang='lat' dir='ltr'>ab</span> <span class='ocrx_word' id='word_1_121' title='bbox 618 1978 714 2042; x_wconf 91' lang='lat' dir='ltr'>huius</span> <span class='ocrx_word' id='word_1_122' title='bbox 745 1980 805 2044; x_wconf 81' lang='lat' dir='ltr'>loci</span> <span class='ocrx_word' id='word_1_123' title='bbox 835 1999 967 2058; x_wconf 80' lang='lat' dir='ltr'>conexu,</span> <span class='ocrx_word' id='word_1_124' title='bbox 997 1981 1126 2062; x_wconf 90' lang='lat' dir='ltr'>qualem</span> <span class='ocrx_word' id='word_1_125' title='bbox 1154 1982 1418 2063; x_wconf 83' lang='lat' dir='ltr'>investigavimus,</span> 
     </span>
     <span class='ocr_line' id='line_1_18' title="bbox 198 2086 1418 2166; baseline -0.001 -14"><span class='ocrx_word' id='word_1_126' title='bbox 198 2090 275 2152; x_wconf 88' lang='lat' dir='ltr'>sunt</span> <span class='ocrx_word' id='word_1_127' title='bbox 298 2105 332 2150; x_wconf 89' lang='lat' dir='ltr'>re</span> <span class='ocrx_word' id='word_1_128' title='bbox 354 2104 431 2151; x_wconf 87' lang='lat' dir='ltr'>vera</span> <span class='ocrx_word' id='word_1_129' title='bbox 454 2086 658 2150; x_wconf 88' lang='lat' dir='ltr'>alienissima.</span> <span class='ocrx_word' id='word_1_130' title='bbox 704 2086 772 2150; x_wconf 87' lang='lat' dir='ltr'>Neo</span> <span class='ocrx_word' id='word_1_131' title='bbox 793 2087 901 2150; x_wconf 91' lang='lat' dir='ltr'>minus</span> <span class='ocrx_word' id='word_1_132' title='bbox 926 2088 1049 2152; x_wconf 87' lang='lat' dir='ltr'>alienus</span> <span class='ocrx_word' id='word_1_133' title='bbox 1073 2089 1123 2152; x_wconf 91' lang='lat' dir='ltr'>est</span> <span class='ocrx_word' id='word_1_134' title='bbox 1146 2089 1228 2152; x_wconf 89' lang='lat' dir='ltr'>alter</span> <span class='ocrx_word' id='word_1_135' title='bbox 1249 2089 1352 2166; x_wconf 87' lang='lat' dir='ltr'>loeus,</span> <span class='ocrx_word' id='word_1_136' title='bbox 1374 2088 1418 2152; x_wconf 89' lang='lat' dir='ltr'>eui</span> 
     </span>
     <span class='ocr_line' id='line_1_19' title="bbox 198 2193 1347 2277; baseline -0.001 -17"><span class='ocrx_word' id='word_1_137' title='bbox 198 2194 318 2260; x_wconf 86' lang='lat' dir='ltr'>similes</span> <span class='ocrx_word' id='word_1_138' title='bbox 343 2193 502 2257; x_wconf 90' lang='lat' dir='ltr'>orationes</span> <span class='ocrx_word' id='word_1_139' title='bbox 526 2193 611 2276; x_wconf 91' lang='lat' dir='ltr'>apud</span> <span class='ocrx_word' id='word_1_140' title='bbox 633 2193 826 2258; x_wconf 76' lang='lat' dir='ltr'>recentiores</span> <span class='ocrx_word' id='word_1_141' title='bbox 849 2196 960 2275; x_wconf 82' lang='lat' dir='ltr'>poetas</span> <span class='ocrx_word' id='word_1_142' title='bbox 983 2213 1047 2258; x_wconf 93' lang='lat' dir='ltr'>non</span> <span class='ocrx_word' id='word_1_143' title='bbox 1069 2213 1189 2277; x_wconf 88' lang='lat' dir='ltr'>paneae</span> <span class='ocrx_word' id='word_1_144' title='bbox 1212 2196 1347 2259; x_wconf 85' lang='lat' dir='ltr'>exstant.</span> 
     </span>
    </p>

    <p class='ocr_par' dir='ltr' id='par_1_10' title="bbox 287 2299 1455 2380">
     <span class='ocr_line' id='line_1_20' title="bbox 287 2299 1455 2380; baseline 0 -16"><span class='ocrx_word' id='word_1_145' title='bbox 287 2300 392 2365; x_wconf 88' lang='lat' dir='ltr'>Alteri</span> <span class='ocrx_word' id='word_1_146' title='bbox 415 2299 544 2380; x_wconf 89' lang='lat' dir='ltr'>quidem</span> <span class='ocrx_word' id='word_1_147' title='bbox 568 2299 670 2363; x_wconf 89' lang='lat' dir='ltr'>levius</span> <span class='ocrx_word' id='word_1_148' title='bbox 695 2301 810 2377; x_wconf 90' lang='lat' dir='ltr'>errant,</span> <span class='ocrx_word' id='word_1_149' title='bbox 835 2300 890 2364; x_wconf 87' lang='lat' dir='ltr'>sed</span> <span class='ocrx_word' id='word_1_150' title='bbox 914 2303 1024 2364; x_wconf 89' lang='lat' dir='ltr'>tamen</span> <span class='ocrx_word' id='word_1_151' title='bbox 1047 2301 1161 2365; x_wconf 89' lang='lat' dir='ltr'>erroris</span> <span class='ocrx_word' id='word_1_152' title='bbox 1192 2302 1326 2366; x_wconf 88' lang='lat' dir='ltr'>alieuius</span> <span class='ocrx_word' id='word_1_153' title='bbox 1347 2302 1418 2365; x_wconf 88' lang='lat' dir='ltr'>item</span> <span class='ocrx_word' id='word_1_154' title='bbox 1454 2321 1455 2324; x_wconf 44' lang='lat'>¹</span> 
     </span>
    </p>

    <p class='ocr_par' dir='ltr' id='par_1_11' title="bbox 197 2406 1419 2596">
     <span class='ocr_line' id='line_1_21' title="bbox 197 2406 1419 2490; baseline 0 -18"><span class='ocrx_word' id='word_1_155' title='bbox 197 2410 256 2472; x_wconf 89' lang='lat' dir='ltr'>hos</span> <span class='ocrx_word' id='word_1_156' title='bbox 278 2408 339 2472; x_wconf 81' lang='lat' dir='ltr'>loci</span> <span class='ocrx_word' id='word_1_157' title='bbox 363 2407 538 2473; x_wconf 76' lang='lat' dir='ltr'>Catulliani</span> <span class='ocrx_word' id='word_1_158' title='bbox 561 2407 721 2471; x_wconf 89' lang='lat' dir='ltr'>sententia</span> <span class='ocrx_word' id='word_1_159' title='bbox 745 2406 895 2488; x_wconf 79' lang='lat' dir='ltr'>coarguit.</span> <span class='ocrx_word' id='word_1_160' title='bbox 932 2406 1013 2472; x_wconf 80' lang='lat' dir='ltr'>Ciris</span> <span class='ocrx_word' id='word_1_161' title='bbox 1036 2408 1097 2472; x_wconf 86' lang='lat' dir='ltr'>loei</span> <span class='ocrx_word' id='word_1_162' title='bbox 1118 2409 1215 2472; x_wconf 92' lang='lat' dir='ltr'>huius</span> <span class='ocrx_word' id='word_1_163' title='bbox 1232 2429 1260 2471; x_wconf 85' lang='lat' dir='ltr'>v.</span> <span class='ocrx_word' id='word_1_164' title='bbox 1278 2417 1419 2490; x_wconf 76' lang='lat' dir='ltr'><strong>3498qq.,</strong></span> 
     </span>
     <span class='ocr_line' id='line_1_22' title="bbox 199 2513 588 2596; baseline -0.008 -17"><span class='ocrx_word' id='word_1_165' title='bbox 199 2515 253 2596; x_wconf 89' lang='lat' dir='ltr'>qui</span> <span class='ocrx_word' id='word_1_166' title='bbox 277 2517 326 2579; x_wconf 90' lang='lat' dir='ltr'>est</span> <span class='ocrx_word' id='word_1_167' title='bbox 349 2514 387 2578; x_wconf 89' lang='lat' dir='ltr'>de</span> <span class='ocrx_word' id='word_1_168' title='bbox 412 2513 474 2578; x_wconf 90' lang='lat' dir='ltr'>diei</span> <span class='ocrx_word' id='word_1_169' title='bbox 498 2515 588 2577; x_wconf 89' lang='lat' dir='ltr'>ortu:</span> 
     </span>
    </p>

    <p class='ocr_par' dir='ltr' id='par_1_12' title="bbox 375 2617 1250 2698">
     <span class='ocr_line' id='line_1_23' title="bbox 375 2617 1250 2698; baseline -0.001 -14"><span class='ocrx_word' id='word_1_170' title='bbox 375 2619 509 2684; x_wconf 80' lang='lat' dir='ltr'>Postera</span> <span class='ocrx_word' id='word_1_171' title='bbox 532 2617 590 2682; x_wconf 79' lang='lat' dir='ltr'>lae</span> <span class='ocrx_word' id='word_1_172' title='bbox 612 2619 667 2682; x_wconf 84' lang='lat' dir='ltr'>abi</span> <span class='ocrx_word' id='word_1_173' title='bbox 692 2617 777 2683; x_wconf 80' lang='lat' dir='ltr'>laeta</span> <span class='ocrx_word' id='word_1_174' title='bbox 801 2618 886 2683; x_wconf 82' lang='lat' dir='ltr'>diem</span> <span class='ocrx_word' id='word_1_175' title='bbox 908 2617 1098 2684; x_wconf 80' lang='lat' dir='ltr'>mortalibus</span> <span class='ocrx_word' id='word_1_176' title='bbox 1120 2619 1250 2698; x_wconf 86' lang='lat' dir='ltr'>almam,</span> 
     </span>
    </p>

    <p class='ocr_par' dir='ltr' id='par_1_13' title="bbox 374 2724 1174 2808">
     <span class='ocr_line' id='line_1_24' title="bbox 374 2724 1174 2808; baseline 0.001 -19"><span class='ocrx_word' id='word_1_177' title='bbox 374 2725 421 2790; x_wconf 84' lang='lat' dir='ltr'>Et</span> <span class='ocrx_word' id='word_1_178' title='bbox 440 2724 545 2808; x_wconf 75' lang='lat' dir='ltr'>gelido</span> <span class='ocrx_word' id='word_1_179' title='bbox 567 2725 697 2790; x_wconf 82' lang='lat' dir='ltr'>veniens</span> <span class='ocrx_word' id='word_1_180' title='bbox 719 2745 813 2790; x_wconf 79' lang='lat' dir='ltr'>marte</span> <span class='ocrx_word' id='word_1_181' title='bbox 836 2726 999 2807; x_wconf 76' lang='lat' dir='ltr'>quatiebat</span> <span class='ocrx_word' id='word_1_182' title='bbox 1021 2727 1061 2790; x_wconf 86' lang='lat' dir='ltr'>ab</span> <span class='ocrx_word' id='word_1_183' title='bbox 1087 2725 1174 2804; x_wconf 84' lang='lat' dir='ltr'>Oeta,</span> 
     </span>
    </p>

    <p class='ocr_par' dir='ltr' id='par_1_14' title="bbox 376 2831 1456 2915">
     <span class='ocr_line' id='line_1_25' title="bbox 376 2831 1456 2915; baseline 0.003 -19"><span class='ocrx_word' id='word_1_184' title='bbox 376 2834 475 2915; x_wconf 76' lang='lat' dir='ltr'>Quem</span> <span class='ocrx_word' id='word_1_185' title='bbox 491 2832 636 2913; x_wconf 78' lang='lat' dir='ltr'>pavidae</span> <span class='ocrx_word' id='word_1_186' title='bbox 658 2831 793 2896; x_wconf 79' lang='lat' dir='ltr'>alternis</span> <span class='ocrx_word' id='word_1_187' title='bbox 813 2832 960 2915; x_wconf 75' lang='lat' dir='ltr'>fugitaret</span> <span class='ocrx_word' id='word_1_188' title='bbox 984 2837 1154 2915; x_wconf 79' lang='lat' dir='ltr'>aptarique</span> <span class='ocrx_word' id='word_1_189' title='bbox 1174 2833 1324 2914; x_wconf 86' lang='lat' dir='ltr'>paellae·</span> <span class='ocrx_word' id='word_1_190' title='bbox 1455 2907 1456 2912; x_wconf 8' lang='grc' dir='ltr'>ἵ</span> 
     </span>
    </p>

    <p class='ocr_par' dir='ltr' id='par_1_15' title="bbox 197 2939 1421 3343">
     <span class='ocr_line' id='line_1_26' title="bbox 377 2939 1292 3020; baseline 0.002 -18"><span class='ocrx_word' id='word_1_191' title='bbox 377 2977 418 2988; x_wconf 89' lang='lat'>-</span> <span class='ocrx_word' id='word_1_192' title='bbox 442 2939 638 3020; x_wconf 82' lang='lat' dir='ltr'>Hesperiam</span> <span class='ocrx_word' id='word_1_193' title='bbox 659 2940 773 3018; x_wconf 76' lang='lat' dir='ltr'>vitaret,</span> <span class='ocrx_word' id='word_1_194' title='bbox 797 2945 908 3020; x_wconf 77' lang='lat' dir='ltr'>optaret</span> <span class='ocrx_word' id='word_1_195' title='bbox 931 2940 1096 3005; x_wconf 80' lang='lat' dir='ltr'>ardescere</span> <span class='ocrx_word' id='word_1_196' title='bbox 1118 2940 1225 3004; x_wconf 85' lang='lat' dir='ltr'>anm</span> <span class='ocrx_word' id='word_1_197' title='bbox 1249 2979 1292 2988; x_wconf 99' lang='lat'><em>-</em></span> 
     </span>
     <span class='ocr_line' id='line_1_27' title="bbox 197 3047 1421 3130; baseline -0.002 -16"><span class='ocrx_word' id='word_1_198' title='bbox 197 3069 325 3115; x_wconf 89' lang='lat' dir='ltr'>versum</span> <span class='ocrx_word' id='word_1_199' title='bbox 359 3049 513 3112; x_wconf 88' lang='lat' dir='ltr'>ultimum</span> <span class='ocrx_word' id='word_1_200' title='bbox 553 3047 638 3111; x_wconf 91' lang='lat' dir='ltr'>male</span> <span class='ocrx_word' id='word_1_201' title='bbox 673 3048 771 3130; x_wconf 87' lang='lat' dir='ltr'>priori</span> <span class='ocrx_word' id='word_1_202' title='bbox 800 3048 892 3129; x_wconf 86' lang='lat' dir='ltr'>quasi</span> <span class='ocrx_word' id='word_1_203' title='bbox 924 3048 1161 3129; x_wconf 89' lang='lat' dir='ltr'>adglutinatum</span> <span class='ocrx_word' id='word_1_204' title='bbox 1195 3052 1318 3114; x_wconf 88' lang='lat' dir='ltr'>temere</span> <span class='ocrx_word' id='word_1_205' title='bbox 1349 3049 1421 3112; x_wconf 91' lang='lat' dir='ltr'>arri·</span> 
     </span>
     <span class='ocr_line' id='line_1_28' title="bbox 197 3154 1421 3239; baseline 0 -19"><span class='ocrx_word' id='word_1_206' title='bbox 197 3157 290 3239; x_wconf 91' lang='lat' dir='ltr'>piunt</span> <span class='ocrx_word' id='word_1_207' title='bbox 313 3155 526 3236; x_wconf 89' lang='lat' dir='ltr'>diotitantque</span> <span class='ocrx_word' id='word_1_208' title='bbox 549 3154 635 3218; x_wconf 89' lang='lat' dir='ltr'>idem</span> <span class='ocrx_word' id='word_1_209' title='bbox 658 3158 785 3236; x_wconf 89' lang='lat' dir='ltr'>optasse</span> <span class='ocrx_word' id='word_1_210' title='bbox 802 3154 1000 3219; x_wconf 85' lang='lat' dir='ltr'>Catullianas</span> <span class='ocrx_word' id='word_1_211' title='bbox 1016 3156 1139 3238; x_wconf 88' lang='lat' dir='ltr'>puellas</span> <span class='ocrx_word' id='word_1_212' title='bbox 1163 3154 1200 3220; x_wconf 91' lang='lat' dir='ltr'>de</span> <span class='ocrx_word' id='word_1_213' title='bbox 1216 3155 1291 3234; x_wconf 85' lang='grc' dir='ltr'><strong><em>Εοο,</em></strong></span> <span class='ocrx_word' id='word_1_214' title='bbox 1316 3174 1421 3238; x_wconf 89' lang='lat' dir='ltr'>quam-</span> 
     </span>
     <span class='ocr_line' id='line_1_29' title="bbox 200 3260 1014 3343; baseline 0.002 -18"><span class='ocrx_word' id='word_1_215' title='bbox 200 3281 296 3343; x_wconf 89' lang='lat' dir='ltr'>quam</span> <span class='ocrx_word' id='word_1_216' title='bbox 319 3261 379 3325; x_wconf 89' lang='lat' dir='ltr'>hae</span> <span class='ocrx_word' id='word_1_217' title='bbox 403 3280 443 3324; x_wconf 90' lang='lat' dir='ltr'>ne</span> <span class='ocrx_word' id='word_1_218' title='bbox 467 3261 650 3324; x_wconf 85' lang='lat' dir='ltr'>vitaverunt</span> <span class='ocrx_word' id='word_1_219' title='bbox 673 3260 802 3342; x_wconf 91' lang='lat' dir='ltr'>quidem</span> <span class='ocrx_word' id='word_1_220' title='bbox 824 3261 1014 3343; x_wconf 88' lang='lat' dir='ltr'>Hesperum.</span> 
     </span>
    </p>

    <p class='ocr_par' dir='ltr' id='par_1_16' title="bbox 288 3367 1097 3450">
     <span class='ocr_line' id='line_1_30' title="bbox 288 3367 1097 3450; baseline -0.001 -19"><span class='ocrx_word' id='word_1_221' title='bbox 288 3368 373 3431; x_wconf 90' lang='lat' dir='ltr'>Nam</span> <span class='ocrx_word' id='word_1_222' title='bbox 396 3367 424 3430; x_wconf 91' lang='lat' dir='ltr'>si</span> <span class='ocrx_word' id='word_1_223' title='bbox 448 3367 488 3430; x_wconf 90' lang='lat' dir='ltr'>ad</span> <span class='ocrx_word' id='word_1_224' title='bbox 512 3385 623 3430; x_wconf 90' lang='lat' dir='ltr'>versus</span> <span class='ocrx_word' id='word_1_225' title='bbox 648 3375 689 3432; x_wconf 89' lang='grc'>36</span> <span class='ocrx_word' id='word_1_226' title='bbox 715 3368 747 3430; x_wconf 92' lang='lat' dir='ltr'>et</span> <span class='ocrx_word' id='word_1_227' title='bbox 770 3376 810 3432; x_wconf 82' lang='grc'>37</span> <span class='ocrx_word' id='word_1_228' title='bbox 835 3368 999 3450; x_wconf 84' lang='lat' dir='ltr'>pergimus</span> <span class='ocrx_word' id='word_1_229' title='bbox 1021 3369 1097 3432; x_wconf 92' lang='lat' dir='ltr'>hos:</span> 
     </span>
    </p>

    <p class='ocr_par' dir='ltr' id='par_1_17' title="bbox 375 3472 1138 3555">
     <span class='ocr_line' id='line_1_31' title="bbox 375 3472 1138 3555; baseline 0 -19"><span class='ocrx_word' id='word_1_230' title='bbox 375 3473 421 3537; x_wconf 82' lang='lat' dir='ltr'>Ar</span> <span class='ocrx_word' id='word_1_231' title='bbox 445 3472 528 3537; x_wconf 81' lang='lat' dir='ltr'>labet</span> <span class='ocrx_word' id='word_1_232' title='bbox 549 3473 697 3553; x_wconf 79' lang='lat' dir='ltr'>innuptis</span> <span class='ocrx_word' id='word_1_233' title='bbox 717 3473 789 3554; x_wconf 63' lang='lat' dir='ltr'>gieio</span> <span class='ocrx_word' id='word_1_234' title='bbox 812 3478 841 3538; x_wconf 84' lang='lat' dir='ltr'>ie</span> <span class='ocrx_word' id='word_1_235' title='bbox 863 3495 994 3554; x_wconf 82' lang='lat' dir='ltr'>carpere</span> <span class='ocrx_word' id='word_1_236' title='bbox 1018 3479 1138 3555; x_wconf 81' lang='lat' dir='ltr'>questa.</span> 
     </span>
    </p>

    <p class='ocr_par' dir='ltr' id='par_1_18' title="bbox 198 3579 1421 4286">
     <span class='ocr_line' id='line_1_32' title="bbox 377 3579 1361 3662; baseline 0 -18"><span class='ocrx_word' id='word_1_237' title='bbox 377 3579 465 3662; x_wconf 76' lang='lat' dir='ltr'>Quid</span> <span class='ocrx_word' id='word_1_238' title='bbox 486 3585 563 3658; x_wconf 81' lang='lat' dir='ltr'>tara,</span> <span class='ocrx_word' id='word_1_239' title='bbox 586 3580 616 3643; x_wconf 87' lang='lat' dir='ltr'>si</span> <span class='ocrx_word' id='word_1_240' title='bbox 639 3584 784 3660; x_wconf 78' lang='lat' dir='ltr'>carpant,</span> <span class='ocrx_word' id='word_1_241' title='bbox 808 3581 909 3646; x_wconf 82' lang='lat' dir='ltr'>tacita</span> <span class='ocrx_word' id='word_1_242' title='bbox 931 3601 1023 3662; x_wconf 75' lang='lat' dir='ltr'>quem</span> <span class='ocrx_word' id='word_1_243' title='bbox 1045 3585 1145 3644; x_wconf 77' lang='lat' dir='ltr'>merae</span> <span class='ocrx_word' id='word_1_244' title='bbox 1167 3579 1361 3662; x_wconf 74' lang='lat' dir='ltr'>requirant?</span> 
     </span>
     <span class='ocr_line' id='line_1_33' title="bbox 199 3687 1421 3772; baseline -0.002 -17"><span class='ocrx_word' id='word_1_245' title='bbox 199 3689 346 3772; x_wconf 87' lang='lat' dir='ltr'>sequitur</span> <span class='ocrx_word' id='word_1_246' title='bbox 372 3688 439 3751; x_wconf 92' lang='lat' dir='ltr'>iam</span> <span class='ocrx_word' id='word_1_247' title='bbox 467 3707 524 3771; x_wconf 91' lang='lat' dir='ltr'>per</span> <span class='ocrx_word' id='word_1_248' title='bbox 553 3687 755 3751; x_wconf 86' lang='lat' dir='ltr'>refutationis</span> <span class='ocrx_word' id='word_1_249' title='bbox 785 3688 950 3769; x_wconf 86' lang='lat' dir='ltr'>vulgarem</span> <span class='ocrx_word' id='word_1_250' title='bbox 978 3689 1171 3771; x_wconf 75' lang='lat' dir='ltr'>perticulam</span> <span class='ocrx_word' id='word_1_251' title='bbox 1200 3692 1421 3769; x_wconf 88' lang='lat' dir='ltr'>argumentum</span> 
     </span>
     <span class='ocr_line' id='line_1_34' title="bbox 199 3793 1421 3879; baseline -0.003 -17"><span class='ocrx_word' id='word_1_252' title='bbox 199 3797 239 3862; x_wconf 91' lang='lat' dir='ltr'>ad</span> <span class='ocrx_word' id='word_1_253' title='bbox 261 3796 444 3879; x_wconf 87' lang='lat' dir='ltr'>puellarum</span> <span class='ocrx_word' id='word_1_254' title='bbox 469 3794 597 3875; x_wconf 91' lang='lat' dir='ltr'>qualem</span> <span class='ocrx_word' id='word_1_255' title='bbox 620 3793 719 3858; x_wconf 78' lang='lat' dir='ltr'>fuisse</span> <span class='ocrx_word' id='word_1_256' title='bbox 744 3793 972 3876; x_wconf 77' lang='lat' dir='ltr'>suspicandum</span> <span class='ocrx_word' id='word_1_257' title='bbox 988 3796 1038 3858; x_wconf 89' lang='lat' dir='ltr'>est</span> <span class='ocrx_word' id='word_1_258' title='bbox 1053 3795 1229 3858; x_wconf 88' lang='lat' dir='ltr'>orationem</span> <span class='ocrx_word' id='word_1_259' title='bbox 1246 3794 1421 3878; x_wconf 91' lang='lat' dir='ltr'>adpositum</span> 
     </span>
     <span class='ocr_line' id='line_1_35' title="bbox 198 3899 1419 3983; baseline -0.006 -15"><span class='ocrx_word' id='word_1_260' title='bbox 198 3904 286 3968; x_wconf 88' lang='lat' dir='ltr'>etin</span> <span class='ocrx_word' id='word_1_261' title='bbox 311 3921 349 3967; x_wconf 91' lang='lat' dir='ltr'>ea</span> <span class='ocrx_word' id='word_1_262' title='bbox 372 3901 574 3983; x_wconf 87' lang='lat' dir='ltr'>responsione</span> <span class='ocrx_word' id='word_1_263' title='bbox 602 3919 666 3964; x_wconf 91' lang='lat' dir='ltr'>non</span> <span class='ocrx_word' id='word_1_264' title='bbox 691 3901 758 3963; x_wconf 88' lang='lat' dir='ltr'>sine</span> <span class='ocrx_word' id='word_1_265' title='bbox 782 3899 929 3964; x_wconf 78' lang='lat' dir='ltr'>acumine</span> <span class='ocrx_word' id='word_1_266' title='bbox 953 3900 1093 3980; x_wconf 91' lang='lat' dir='ltr'>quodam</span> <span class='ocrx_word' id='word_1_267' title='bbox 1115 3901 1308 3966; x_wconf 87' lang='lat' dir='ltr'>ooneinnum</span> <span class='ocrx_word' id='word_1_268' title='bbox 1330 3900 1419 3965; x_wconf 91' lang='lat' dir='ltr'>illud:</span> 
     </span>
     <span class='ocr_line' id='line_1_36' title="bbox 198 4004 1420 4088; baseline -0.003 -14"><span class='ocrx_word' id='word_1_269' title='bbox 198 4015 232 4074; x_wconf 79' lang='lat' dir='ltr'>at</span> <span class='ocrx_word' id='word_1_270' title='bbox 246 4008 330 4074; x_wconf 82' lang='lat' dir='ltr'>labet</span> <span class='ocrx_word' id='word_1_271' title='bbox 352 4006 501 4088; x_wconf 79' lang='lat' dir='ltr'>innuptis</span> <span class='ocrx_word' id='word_1_272' title='bbox 514 4004 586 4088; x_wconf 77' lang='lat' dir='ltr'>{laio</span> <span class='ocrx_word' id='word_1_273' title='bbox 607 4010 637 4070; x_wconf 85' lang='lat' dir='ltr'>te</span> <span class='ocrx_word' id='word_1_274' title='bbox 652 4025 783 4086; x_wconf 77' lang='lat' dir='ltr'>carpere</span> <span class='ocrx_word' id='word_1_275' title='bbox 798 4009 917 4088; x_wconf 78' lang='lat' dir='ltr'>praesta,</span> <span class='ocrx_word' id='word_1_276' title='bbox 943 4006 1168 4072; x_wconf 86' lang='lat' dir='ltr'>oonfirmatum</span> <span class='ocrx_word' id='word_1_277' title='bbox 1184 4010 1217 4072; x_wconf 88' lang='lat' dir='ltr'>et</span> <span class='ocrx_word' id='word_1_278' title='bbox 1232 4010 1364 4072; x_wconf 87' lang='lat' dir='ltr'>anetum</span> <span class='ocrx_word' id='word_1_279' title='bbox 1380 4026 1420 4082; x_wconf 87' lang='lat' dir='ltr'>eo,</span> 
     </span>
     <span class='ocr_line' id='line_1_37' title="bbox 199 4112 1421 4200; baseline -0.002 -19"><span class='ocrx_word' id='word_1_280' title='bbox 199 4117 282 4199; x_wconf 90' lang='lat' dir='ltr'>quod</span> <span class='ocrx_word' id='word_1_281' title='bbox 304 4135 362 4200; x_wconf 89' lang='lat' dir='ltr'>per</span> <span class='ocrx_word' id='word_1_282' title='bbox 385 4115 557 4180; x_wconf 88' lang='lat' dir='ltr'>formulam</span> <span class='ocrx_word' id='word_1_283' title='bbox 579 4113 660 4194; x_wconf 83' lang='lat' dir='ltr'>qaid</span> <span class='ocrx_word' id='word_1_284' title='bbox 681 4117 757 4191; x_wconf 82' lang='lat' dir='ltr'>tam,</span> <span class='ocrx_word' id='word_1_285' title='bbox 780 4112 811 4176; x_wconf 86' lang='lat' dir='ltr'>si</span> <span class='ocrx_word' id='word_1_286' title='bbox 833 4115 961 4196; x_wconf 88' lang='lat' dir='ltr'>praeter</span> <span class='ocrx_word' id='word_1_287' title='bbox 977 4113 1155 4196; x_wconf 85' lang='lat' dir='ltr'>opinionem</span> <span class='ocrx_word' id='word_1_288' title='bbox 1172 4113 1421 4178; x_wconf 86' lang='lat' dir='ltr'>adversariomm</span> 
     </span>
     <span class='ocr_line' id='line_1_38' title="bbox 199 4222 343 4286; baseline -0.014 0"><span class='ocrx_word' id='word_1_289' title='bbox 199 4222 343 4286; x_wconf 78' lang='lat' dir='ltr'>adicitur.</span> 
     </span>
    </p>
   </div>
   <div class='ocr_carea' id='block_1_4' title="bbox 0 0 1468 4724">
    <p class='ocr_par' dir='ltr' id='par_1_19' title="bbox 0 0 1468 4724">
     <span class='ocr_line' id='line_1_39' title="bbox 0 0 1468 4724; baseline 0 0"><span class='ocrx_word' id='word_1_290' title='bbox 0 0 1468 4724; x_wconf 95' lang='lat' dir='ltr'> </span> 
     </span>
    </p>
   </div>
  </div>
 </body>
</html>
