2928 4724
726 163 885 256 *42-

197 352 514 427 eommemoraverat,
543 350 712 434 populares
745 351 920 416 locutiones
954 354 1144 434 respexerat.
1172 389 1216 399 —
1245 351 1404 416 Praeterea
1458 407 1459 420 .

198 457 379 521 addendum
401 459 451 521 est
473 457 515 534 id,
538 456 622 538 quod
652 457 730 521 saite
753 457 791 520 B.
815 456 961 522 Schmidt
983 457 1016 520 in
1039 458 1156 540 proleg.
1178 478 1207 542 p.
1223 458 1339 522 LXXV
1361 459 1405 522 oh

198 563 353 628 servarit:
381 563 480 658 ‘quod
504 562 651 629 Catullus
676 600 718 611 -
741 565 847 645 inquit
871 599 909 610 -
935 563 1116 646 Hesperum
1132 583 1151 629 a
1166 565 1332 631 iuvenibus
1353 565 1406 629 rir-

197 669 386 751 ginibusque
416 688 511 753 super
534 669 668 753 Olympo
697 672 731 734 et
755 669 835 736 Oeta
865 671 1027 736 montibus
1057 672 1195 754 oonspioi
1224 672 1328 750 finxit,
1355 673 1405 736 hoo

197 794 270 840 eum
293 778 332 840 ut
354 776 515 839 hominem
536 775 717 840 Romanum
739 795 803 840 non
825 777 987 842 fauturum
1010 777 1108 842 fuisse
1132 763 1333 856 arbitramur,
1353 777 1406 842 nisi

196 881 281 946 idem
305 882 388 965 apud
405 881 531 966 Sappho
547 869 764 966 repperisset'.
787 918 830 930 -
853 883 966 966 Neque
981 884 1213 966 neglegendum
1236 886 1286 949 est
1308 885 1342 949 iu
1355 885 1406 948 hao

196 1007 230 1054 re
253 989 347 1078 illud,
378 988 461 1071 quod
490 989 619 1054 iuvenes
644 988 818 1073 Olympum
840 991 1016 1068 nominent,
1038 991 1164 1074 puellae
1188 992 1298 1056 eodem
1322 1010 1407 1056 sensu

198 1094 322 1161 Oetam.

285 1308 506 1375 Convertimus
529 1329 615 1374 nuno
637 1328 695 1375 nos
719 1310 759 1374 ad
781 1331 810 1374 v.
835 1319 873 1376 3:

330 1414 469 1498 Surqere
491 1415 558 1480 iura
580 1420 711 1498 tempus,
733 1415 801 1480 ioan
818 1416 958 1498 pinques
981 1416 1125 1498 linquere
1146 1437 1283 1482 marsus.

197 1523 315 1590 Omissi
340 1510 418 1618 test'
444 1523 477 1586 iu
500 1522 637 1586 formula
663 1526 804 1616 ‘tempus
828 1510 894 1588 ast'
920 1524 1062 1607 exempla
1084 1525 1238 1588 nonnulla
1252 1525 1407 1589 Baehrens
1451 1594 1454 1605 ¹

195 1630 320 1704 attulit;
353 1631 439 1694 reete
474 1631 583 1694 autem
618 1630 685 1694 eius
720 1629 766 1694 rei
796 1631 1031 1696 exeusationem
1059 1631 1273 1696 Ritsohelium
1301 1629 1407 1715 (88.1
1451 1619 1455 1659 ²

194 1758 223 1821 p.
236 1737 313 1820 364)
332 1739 461 1800 seoutus
473 1736 512 1800 K.
525 1736 560 1800 P.
574 1735 707 1802 Sohulzo
725 1737 758 1801 in
771 1736 895 1801 dissert.
906 1737 1012 1820 inaug.
1032 1738 1070 1802 de
1082 1737 1208 1802 Catullo
1223 1737 1409 1803 Graecorum
1451 1757 1455 1832 8

171 1831 172 1834 “
193 1844 353 1909 imitatore
375 1844 470 1908 Ionae
496 1852 580 1909 1871
599 1843 648 1909 81.
663 1863 693 1926 8.
709 1852 765 1910 88
788 1845 996 1909 eommotione
1020 1845 1159 1926 quadam
1174 1844 1273 1908 animi
1294 1844 1408 1928 petivit.
1452 1833 1455 1844 ’

281 1951 352 2014 Iam
383 1950 458 2032 quid
488 1968 525 2014 ea
553 1949 691 2015 formula
721 1950 893 2032 signilioet,
923 1971 987 2016 nou
1016 1951 1095 2016 satis
1124 1953 1258 2015 oonstat.
1304 1951 1408 2032 Neque
1452 1942 1455 2022 ἶ

195 2041 280 2121 enim
302 2057 342 2121 ad
373 2057 500 2121 hbitum
524 2056 694 2122 adhibetur
715 2057 783 2123 looo
806 2058 971 2122 notionum
1004 2057 1245 2155 ‘tempestivum
1273 2059 1340 2123 8188
1363 2076 1409 2140 88
1454 2095 1455 2138 3

192 2165 366 2248 portunum
400 2159 464 2228 est'
500 2181 603 2245 neque
641 2164 846 2259 tinfinitivum
881 2167 948 2230 tam
977 2167 1063 2229 reete
1093 2183 1190 2246 quam
1224 2165 1409 2246 gerundium
1453 2210 1454 2250 5

193 2270 267 2354 poni
290 2269 388 2334 etiam
410 2271 443 2333 in
465 2258 587 2353 prosa’,
616 2273 655 2334 ut
677 2271 842 2335 Baehrens
865 2272 948 2348 vult,
971 2290 1082 2335 verum
1105 2274 1164 2336 est.
1209 2271 1295 2336 Nam
1322 2275 1409 2367 ‘tem
1453 2263 1454 2288 ³

194 2395 254 2460 pus
278 2363 341 2441 881>
367 2377 493 2441 omnino
516 2376 676 2441 rarissime
700 2396 774 2443 oum
797 2378 949 2460 gerundio
973 2381 1191 2443 constructum
1206 2378 1368 2443 invenitur
1382 2377 1410 2440 et

194 2484 244 2547 est
267 2483 373 2564 aliqua
389 2483 566 2547 differentia
588 2485 703 2547 harum
719 2487 968 2562 structurarum,
993 2503 1090 2566 quam
1112 2504 1174 2549 uon
1196 2503 1266 2550 esse
1282 2485 1409 2549 Kirhner

193 2591 214 2654 l.
238 2609 263 2654 e.
285 2589 320 2653 11
341 2610 371 2673 p.
395 2597 460 2656 554
483 2591 640 2673 opinatur,
662 2591 804 2656 nondum
826 2592 990 2656 iuventam
1013 2610 1082 2656 essa
1104 2592 1246 2673 Draeger
1268 2592 1290 2655 1.
1306 2611 1331 2656 o.
1354 2590 1409 2655 11¹

192 2717 223 2780 p.
240 2706 303 2764 359
328 2697 538 2778 dicioneque
563 2697 688 2780 Zumpt,
712 2716 808 2781 quem
831 2699 1077 2780 grammaticum
1099 2716 1174 2781 prae
1199 2717 1232 2764 88
1254 2699 1409 2763 neminem

193 2804 258 2870 iere
288 2807 405 2888 putant
434 2805 578 2869 homines
605 2805 743 2888 pusillae
766 2806 799 2870 et·
821 2805 961 2888 vulgaris
985 2805 1160 2883 doetrinae,
1190 2803 1244 2869 aa.
1270 2805 1408 2871 Gramen.
1455 2801 1456 2848 Τ

193 2913 291 2993 §659
309 2913 393 2977 reete
411 2912 585 2976 eonstituit.
615 2911 705 2976 Nihil
727 2911 803 2976 feeit
825 2913 888 2976 uisi
910 2912 994 2976 looos
1016 2912 1082 2976 fere
1105 2913 1232 2976 rettulit
1246 2913 1277 2977 J.
1295 2913 1409 2994 Serger

192 3017 269 3082 atter
292 3018 353 3082 dea
375 3017 525 3099 Iafiaa'ta'o
548 3017 598 3082 oet
621 3014 740 3096 Catali,
768 3016 878 3082 Tituli
903 3019 974 3082 aaa
996 3017 1138 3100 Propera
1159 3020 1192 3083 in
1215 3037 1321 3102 progr.
1346 3019 1411 3102 Spi-

193 3126 280 3189 rensi
302 3144 329 3189 a.
355 3132 449 3202 1886,
474 3124 529 3206 qui
551 3124 673 3188 ratione
698 3126 756 3188 aut
779 3126 1012 3207 comparatione
1036 3127 1171 3190 aliorum
1194 3126 1336 3191 looorum
1351 3145 1410 3190 uon

193 3231 301 3295 addita
316 3250 346 3314 p.
362 3239 403 3298 39
429 3250 500 3295 eam
523 3230 692 3296 formulam
716 3233 843 3294 tantum
867 3233 1013 3315 apposuit
1034 3233 1175 3314 reliquis.
1205 3233 1272 3298 Neo
1295 3233 1410 3298 felioior

193 3337 254 3402 fuit
285 3336 464 3402 Stanislaus
495 3337 672 3402 Bednarslri
701 3338 734 3401 in
758 3337 881 3402 (1188881.
905 3338 944 3403 de
973 3339 1120 3404 infinitivi
1142 3339 1227 3424 apud
1250 3339 1410 3406 Catullum

193 3445 399 3527 usurpatione
427 3445 601 3509 Tannoviae
627 3451 712 3510 1886
737 3444 823 3509 edita
853 3447 886 3509 et
909 3446 987 3510 satis
1016 3449 1163 3512 aoourate
1193 3447 1325 3530 8881818,
1359 3446 1411 3528 qui

192 3558 257 3634 86
281 3552 457 3616 multorum
480 3552 632 3616 librorum
655 3552 740 3616 18888
765 3552 900 3634 eollegit,
923 3553 1088 3635 inquibus
1112 3553 1150 3619 de
1173 3555 1234 3619 hae
1255 3555 1410 3620 locutione

193 3657 308 3738 agitur.
355 3657 418 3723 Sed
447 3659 514 3741 ipse
544 3659 694 3740 quoniam
724 3659 763 3722 ab
795 3659 865 3723 aliis
895 3658 933 3724 de
957 3659 1017 3724 hao
1039 3679 1073 3725 re
1099 3661 1184 3756 tfuse
1208 3647 1407 3743 copioseque’

192 3764 392 3848 disputatum
419 3765 530 3843 hierit,
564 3765 642 3830 satis
670 3766 770 3830 habet
801 3764 952 3830 adiecisse
979 3769 1121 3860 'tempus
1145 3754 1209 3832 est’
1234 3767 1319 3832 idem
1342 3783 1410 3832 esse

192 3890 230 3938 ao
254 3874 495 3968 ‘tempestivum
518 3861 580 3938 est’
607 3874 657 3938 881
682 3875 911 3970 ς88888181888111
934 3861 1002 3937 est'
1027 3873 1166 3955 dicitque
1193 3873 1260 3958 ipse
1285 3891 1410 3957 quoque

190 3979 271 4044 nihil
298 3979 428 4058 referre,
462 3983 573 4044 utrum
600 3979 774 4045 1818111888
810 3982 963 4061 sequatur
993 3999 1034 4045 an
1066 3981 1264 4063 gerundium.
1316 3982 1410 4046 Notio

150 4127 153 4134 ·
191 4085 290 4168 igitur
313 4087 382 4152 eius
404 4087 571 4152 looutionis
596 4087 699 4151 adhue
721 4105 784 4152 non
809 4089 978 4171 explanata
1000 4091 1058 4153 est.

280 4192 342 4257 Sed
372 4192 410 4259 de
439 4194 536 4258 huius
564 4192 711 4258 infinitivi
733 4194 765 4258 81
790 4194 979 4278 plerumque
1003 4214 1041 4260 er
1064 4197 1216 4279 oppositis
1240 4197 1269 4262 81
1292 4195 1408 4260 notioni
