2934 4742
614 195 773 287 Q
813 157 816 160 ,

73 400 211 463 naeqne.
256 382 328 447 lltsi
351 383 436 448 enim
460 384 696 450 eoncedendum
725 388 774 451 est
805 386 842 450 de
872 387 936 450 sole
966 385 1115 469 usurpari
1141 403 1205 450 non
1234 401 1305 448 raro

72 489 236 572 pluralem
259 507 429 554 numerum
458 487 583 576 ¹sidera'
613 492 651 556 of.
674 492 798 556 Baehr:
811 511 842 574 p.
865 498 946 568 460,
976 493 1085 556 tamen
1108 489 1252 574 praestat
1273 489 1307 554 id

77 595 124 660 ad
146 595 285 659 maxima
307 596 363 660 illa
386 595 490 660 sidera
513 597 639 676 referre,
664 616 800 680 qnorum
823 599 962 662 alterum
985 615 1081 662 vorsu
1103 596 1307 679 praeoedenti

76 702 123 785 (v.
155 699 190 785 3)
220 702 358 776 alterum
386 703 594 784 sequentibus
622 705 664 788 (v.
693 705 782 788 usq.)
814 704 1025 786 signifieatnr,
1054 705 1092 767 ut
1122 721 1141 767 a
1170 703 1235 767 sole
1267 683 1334 767 ad'

74 808 192 872 lunam
218 808 374 872 transitus
403 809 470 874 fiat.
520 811 563 874 Et
593 813 803 876 seoernuntur
826 811 954 893 seipso
977 810 1103 875 nomine
1139 803 1302 896 ‘siderum’

74 933 95 978 a
121 914 224 979 stellis
246 915 280 978 in
303 935 331 980 v.
348 924 366 980 2
384 917 648 993 commemoratis,
672 917 756 998 qnod
775 935 892 982 nomen
913 917 1050 981 maxime
1075 916 1133 979 soli
1156 917 1190 979 et
1211 915 1307 980 lunae

73 1023 192 1104 aptum
214 1040 283 1086 esso
306 1023 419 1086 notum
443 1024 500 1087 est.

167 1127 239 1191 Iam
263 1128 340 1209 quid
363 1131 406 1192 sit
428 1129 516 1207 illud,
541 1129 625 1211 quod
648 1129 770 1195 diverse
794 1129 992 1212 aptioribus
1016 1130 1049 1193 st
1077 1127 1306 1212 posterioribus

74 1234 118 1299 de
142 1234 209 1298 sole
232 1234 372 1316 lunaque
389 1235 521 1314 dicatur,
543 1227 647 1300 'rarior
662 1236 750 1301 verbi
777 1231 931 1323 ⁴eedendi’
952 1235 1172 1318 interpretatio
1196 1233 1307 1317 aperit.

73 1341 187 1406 Habet
210 1342 295 1406 enim
323 1333 461 1429 ‘aedera'
487 1360 550 1406 non
574 1343 723 1407 eontinno
754 1343 889 1407 eandem
916 1343 1079 1406 notionem
1110 1359 1208 1423 quam
1242 1339 1308 1428 ‘de-

73 1443 206 1512 eedere'
232 1448 297 1512 sive
326 1445 436 1536 ‘abire'
466 1451 499 1514 et
527 1445 708 1537 poedore.
753 1449 888 1513 Erratnr
911 1447 1097 1533 saepissime
1120 1449 1154 1512 in
1177 1447 1305 1511 notione

73 1554 249 1618 verborum
272 1555 464 1638 simplicium
479 1555 702 1637 intellegenda,
726 1565 807 1637 quae
829 1555 910 1618 nihil
928 1554 990 1618 nisi
1011 1572 1135 1618 meram
1151 1554 1309 1618 sotionem

73 1659 235 1724 denotant
258 1662 444 1744 simplieiter
460 1659 593 1727 et'ultro
617 1662 744 1738 saetam,
767 1681 831 1726 non
854 1662 886 1725 in
904 1663 1010 1726 loonm
1033 1661 1174 1743 aliquem
1198 1659 1309 1724 -vel

76 1769 241 1832 attactum
263 1769 315 1832 rel
338 1787 401 1832 non
425 1770 585 1835 attaotum
609 1805 650 1814 —
675 1769 846 1833 dorsetam.
891 1767 961 1832 Hoe
984 1767 1069 1832 enim
1091 1767 1129 1830 fit
1159 1767 1193 1830 in
1224 1783 1309 1830 oom-

74 1874 192 1957 positis
232 1875 322 1961 aba·
361 1875 421 1940 de·
468 1875 539 1939 dis·
587 1893 646 1940 ex·
686 1871 891 1940 re·oedere’.
948 1873 1060 1956 Neque
1101 1872 1309 1956 perfeetiram

75 1981 201 2044 babent
225 1981 289 2044 vim
312 1983 408 2046 verba
432 1983 590 2066 simplieie
611 1983 631 2045 i.
655 2001 681 2046 e.
704 2001 765 2045 non
792 1981 973 2063 signifieant
996 1980 1128 2044 aetionis
1150 1978 1309 2055 effoetum,

75 2086 134 2169 qni
160 2089 217 2150 eut
239 2107 351 2170 reapse
375 2089 489 2153 aooidit
512 2092 569 2153 ant
592 2089 749 2171 expetitus
774 2091 832 2152 est.
877 2087 946 2151 Hoo
968 2087 1006 2151 fit
1025 2087 1059 2150 in
1086 2071 1306 2181 toonoedendi’

78 2193 237 2258 vocabulo
261 2194 300 2258 of.
323 2214 352 2279 p.
376 2205 473 2278 31sq.
519 2195 663 2260 Verbum
693 2195 793 2277 igitur
821 2190 978 2282 ‘cedendi’
1013 2193 1064 2258 hio
1094 2195 1186 2256 notat
1217 2209 1308 2257 araus

76 2301 131 2364 vel
156 2319 250 2384 gyros
275 2319 293 2364 a
323 2303 388 2366 sole
419 2303 558 2384 lunaque
590 2302 623 2365 in
653 2302 739 2367 eaelo
771 2301 946 2375 oonieotos‚
976 2301 1031 2382 qui
1061 2301 1246 2365 aooresount
1277 2301 1310 2364 et

75 2407 278 2484 decrescunt,
301 2411 338 2472 ut
361 2412 534 2491 utrumque
559 2409 646 2472 sidus
676 2408 785 2496 ‘certis
805 2403 1011 2490 temporibns’
1041 2407 1128 2471 raris
1144 2406 1310 2472 cedentem

79 2533 216 2580 eursnm
250 2514 377 2580 effioiat.
424 2515 486 2580 Sed
522 2534 594 2580 eam
623 2514 836 2579 differentiam
869 2515 903 2578 in
937 2514 1090 2578 lituanioa
1125 2515 1157 2578 et
1192 2512 1310 2579 slavica

3 2635 4 2656 ³
77 2622 194 2702 lingua
224 2621 345 2686 dudum
376 2609 537 2703 cognitam
565 2624 597 2685 et
626 2621 803 2684 stabilitam
832 2621 910 2684 item
939 2621 972 2683 in
1001 2621 1101 2684 latino
1134 2621 1166 2684 et
1196 2637 1309 2701 graeco

77 2747 228 2793 sermone
252 2729 383 2792 retineri
405 2728 458 2793 hio
480 2731 623 2812 posuisse
647 2728 725 2792 satis
749 2727 866 2791 habere
889 2745 975 2790 nuno
998 2726 1105 2791 debeo.

172 2941 323 3007 Berenioe
346 2942 487 3025 pollicita
511 2944 561 3006 est
583 2941 631 3004 dis
655 2941 828 3004 oaesariem
852 2957 945 3004 suam
1073 2947 1075 2952 ’

200 3059 236 3114 11
265 3047 338 3130 Quo
360 3069 419 3112 rex
440 3051 619 3128 tempestate
641 3064 721 3110 aooo
744 3050 858 3110 aumas
881 3045 1052 3127 hymenaeo

313 3154 482 3219 Vastatum
504 3153 582 3234 fiais
605 3154 709 3216 iuerat
731 3151 891 3234 Assyrios.
1092 3155 1094 3160 ’

81 3261 149 3328 Sed
179 3263 212 3326 in
241 3282 337 3328 versu
376 3273 413 3328 11
446 3262 554 3326 hiatus
592 3261 630 3325 de
660 3261 795 3324 veritate
824 3260 892 3324 eius
923 3258 1068 3324 lectionis
1099 3256 1311 3339 suspicionem

78 3373 199 3435 movet.
233 3371 404 3434 Praeterea
425 3370 495 3452 ipsa
518 3369 586 3433 eins
610 3367 756 3432 voeabuli
778 3367 864 3430 notio
887 3373 955 3430 non'
975 3367 1050 3448 apta
1071 3365 1121 3429 est
1134 3364 1210 3428 huie
1232 3363 1311 3428 loeo.

3 3555 4 3572 χ
81 3477 169 3542 Nam
193 3478 254 3542 etsi
274 3479 370 3560 poeta
393 3477 503 3542 eodem
526 3475 679 3541 voeabulo
702 3474 806 3538 utitur
828 3473 862 3537 in
886 3492 911 3537 o.
934 3471 1039 3536 inv
1063 3479 1198 3553 ltsqqe
1250 3483 1253 3491 ⁴
1314 3509 1315 3512 =

265 3632 272 3646 .
296 3632 303 3646 .
327 3603 381 3648 eos
405 3583 460 3667 (su.
483 3583 609 3664 heroas)
634 3580 777 3646 cumeae
799 3577 998 3661 compellabo,
1158 3589 1161 3594 '

264 3689 369 3771 Teque
392 3689 471 3753 odeo
493 3689 608 3752 eximie
630 3687 734 3752 laedis
756 3685 904 3768 felicibus
927 3687 1018 3750 auele

265 3794 452 3860 lleessolioe
475 3793 615 3858 eolumeoe
638 3792 746 3871 Peleu,
818 3800 820 3804 ’

81 3904 118 3970 id
142 3906 226 3969 uerte
257 3905 295 3968 de
319 3904 403 3968 follei
426 3903 570 3984 coningio
594 3901 696 3976 relet;
721 3900 833 3964 sedin
855 3897 906 3962 bis
930 3913 1013 3980 qnae
1036 3895 1074 3961 de
1090 3892 1242 3959 Berenioa
1266 3891 1314 3958 di-

83 4012 203 4078 eantur
224 4011 399 4093 requiritur
414 4010 577 4094 proprium
594 4007 722 4088 aliquod
738 4005 937 4081 mantulum,
960 4001 1000 4068 ad
1015 4001 1192 4066 novitatem
1207 3999 1313 4084 potins

84 4119 225 4200 eoniugii
251 4118 432 4202 pertinens,
462 4117 538 4199 quie
567 4134 623 4179 rex
652 4133 725 4179 enm
760 4110 915 4202 ‘duxisset
943 4127 1074 4174 uxorem
1103 4106 1213 4191 paneis
1242 4108 1314 4190 post

88 4221 211 4290 diebns’
241 4224 371 4310 (Hygin.
395 4227 514 4289 astron.
540 4222 575 4286 Π
603 4221 659 4305 24)
682 4238 798 4285 noram
826 4218 962 4301 nuptam
992 4214 1105 4280 statim
1135 4211 1316 4296 dereliquit,
