2928 4724
736 215 896 306 A

204 402 373 485 quendam,
397 405 435 466 ut
458 404 542 466 certe
567 402 641 466 ente
664 402 751 466 hunc
766 401 887 483 aliquid
902 401 1101 467 intercidisse
1118 402 1278 485 appareat.
1314 400 1427 466 Utrum

205 509 347 573 medium
372 509 512 590 aliquem
534 508 641 573 lecum
663 509 812 574 habuerit
836 527 877 572 an
900 509 1053 573 ultimum
1075 527 1148 572 mex
1170 507 1361 572 videbimus,

294 614 439 681 Oeneius
472 617 581 680 autem
611 616 644 679 et
675 633 824 680 versuum
856 622 898 682 32
927 616 960 680 et
990 622 1031 681 35
1060 633 1134 680 voce
1164 614 1300 697 Hesperi
1328 614 1427 695 signe

204 723 311 786 torum
333 722 494 805 responsio
517 723 669 805 postulat,
691 724 729 786 ut
751 723 875 806 puellas
900 722 1015 786 dixisse
1037 724 1189 804 putemus
1211 722 1277 785 tale
1295 720 1426 802 aliquid:

203 846 261 892 nes
292 828 420 910 quidem
451 829 520 893 iure
551 847 588 892 ac
617 828 731 892 memte
762 829 853 910 queri
883 828 1052 904 debemus,
1087 828 1115 892 si
1148 827 1313 910 Hesperus
1348 846 1427 891 nunc

204 953 303 1000 unam
327 954 343 999 e
367 938 477 1000 nostre
500 935 653 999 societate
677 936 709 998 et
733 935 874 1000 amicitia
898 934 1042 999 abstulit.

293 1039 414 1122 Quodsi
436 1042 577 1124 primum
600 1042 804 1124 stropharum
820 1059 878 1124 par
894 1041 934 1104 ad
950 1059 1050 1105 nevae
1065 1042 1184 1123 nuptae
1201 1040 1427 1105 seiunctieuem

205 1167 224 1212 a
255 1149 369 1212 matris
402 1148 475 1212 sinu
505 1148 690 1230 gremioque
726 1147 845 1212 factam
872 1148 1025 1230 pertinet,
1053 1147 1119 1210 iam
1149 1147 1288 1211 alterum
1318 1146 1428 1212 deduc

203 1255 323 1319 tionem
347 1255 430 1331 eius,
455 1272 535 1335 quae
567 1255 626 1318 sub
656 1253 792 1337 Hesperi
821 1256 894 1318 ertu
923 1253 976 1331 fit,
1009 1253 1146 1330 indicat,
1180 1253 1213 1316 id
1249 1253 1334 1334 quod
1369 1253 1428 1316 iam

202 1360 345 1425 Pleitner
368 1361 388 1424 l.
412 1380 438 1425 c.
461 1378 491 1443 p.
516 1367 556 1426 68
580 1361 745 1425 intellexit
779 1360 850 1426 Hac
871 1361 971 1441 igitur
987 1360 1135 1425 carminis
1152 1359 1316 1424 ameebaei
1331 1362 1427 1442 parte,

203 1467 242 1531 de
266 1486 330 1548 qna
352 1469 437 1532 nunc
461 1467 595 1549 agimus,
618 1467 752 1532 actionis
774 1485 963 1550 progressus
988 1466 1119 1548 quidam
1140 1466 1274 1543 leniter,
1306 1466 1364 1530 sed
1388 1466 1428 1530 di·
1458 1533 1459 1538 ,

204 1574 319 1638 stincte
344 1573 542 1655 significatur
564 1574 600 1651 is,
625 1574 681 1654 qui
703 1573 840 1656 priorem
864 1573 1021 1638 actionem
1041 1573 1175 1654 excipiat
1198 1573 1231 1636 et
1254 1591 1369 1636 rrrrsus
1392 1571 1427 1636 ad

204 1679 377 1761 insequens
400 1680 604 1762 stropharum
627 1697 685 1763 par
708 1681 882 1744 transitum
904 1681 1005 1763 paret
1049 1679 1129 1742 Inde
1160 1679 1260 1760 igitur
1281 1679 1353 1743 iure
1377 1696 1429 1742 sue

204 1785 290 1851 idem
313 1786 361 1851 vir
385 1786 498 1851 doctus
521 1787 542 1849 l.
566 1806 591 1852 c.
616 1786 780 1864 conclusit,
802 1786 952 1852 lacunam
975 1787 1104 1850 tantum
1126 1785 1285 1850 medicam
1306 1787 1340 1850 et
1364 1803 1429 1849 earn

203 1893 290 1957 intra
314 1893 452 1957 alterum
476 1893 682 1975 stropharum
704 1911 762 1976 par
786 1911 872 1971 esse,
895 1893 1019 1957 nullam
1043 1894 1152 1958 autem
1174 1894 1343 1974 praeterea
1367 1910 1430 1956 car-
1459 1887 1460 1936 Τ

204 1999 301 2064 minis
325 2000 487 2064 ameebaei
510 2002 637 2082 partem
660 2000 778 2065 deesse.

293 2107 375 2171 Tum
398 2106 468 2189 ipsa
492 2107 644 2170 orationis
669 2108 745 2189 apta
768 2108 801 2171 et
824 2107 977 2172 concinna
1000 2104 1207 2170 conformatio
1224 2105 1429 2187 coarguitis

205 2212 405 2295 antistropha
428 2217 501 2296 post
524 2233 552 2277 v.
577 2221 628 2290 37,
653 2231 748 2294 quem
772 2212 918 2293 sequitur
942 2212 1163 2295 ephymninm,
1185 2212 1266 2276 nihil
1289 2211 1331 2275 ad
1363 2230 1431 2275 sen·
1460 2217 1461 2236 ¹

204 2319 340 2384 tentiam
374 2319 569 2403 propositam
604 2319 722 2384 deesse.
772 2318 844 2384 Iam
873 2318 925 2382 hic
953 2317 1148 2382 monendum
1181 2318 1258 2395 erit,
1287 2317 1372 2382 sicut
1400 2317 1430 2380 in

205 2426 307 2508 primo
337 2427 543 2508 stropharum
571 2427 641 2508 pari
675 2426 809 2490 ultimus
840 2425 975 2506 quisque
1003 2443 1114 2488 versus
1144 2424 1178 2488 in
1205 2424 1431 2506 interrogativo

206 2532 312 2613 aliquo
347 2534 513 2597 enuntiate
548 2534 674 2597 constat
708 2533 883 2613 eademqne
922 2532 1081 2596 enuntiati
1114 2530 1217 2595 terma
1250 2531 1284 2595 in
1318 2531 1432 2596 ultimo

206 2638 337 2703 alterius
362 2639 579 2722 antistrophae
603 2658 697 2704 versu
721 2639 790 2722 (37)
813 2638 906 2716 redit,
929 2639 1008 2702 item
1032 2640 1282 2702 consentaneum
1306 2657 1378 2703 esse
1400 2639 1431 2701 in

206 2745 337 2810 alterius
369 2746 518 2828 strophae
553 2745 616 2810 fine
653 2746 935 2827 interrogationem
965 2745 1108 2826 aliquam
1138 2746 1244 2809 locum
1273 2745 1432 2809 hahuisse.

204 2851 277 2919 Due
299 2852 398 2935 igitur
420 2871 532 2917 versus
557 2872 630 2918 cum
654 2853 824 2935 ephymnio
852 2852 1015 2916 subsecuti
1046 2853 1122 2916 sunt
1152 2870 1253 2916 unum
1282 2852 1338 2933 qui
1369 2871 1432 2916 ser·

205 2961 299 3023 vetus
323 2962 389 3035 est;
414 2978 488 3041 ergo
505 2961 747 3024 antecesserunt
766 2961 841 3036 tres,
866 2958 1018 3039 queniam
1033 2979 1134 3023 unum
1150 2960 1279 3022 tantum
1295 2977 1432 3036 versum,

205 3065 295 3129 cuius
329 3066 415 3130 iutra
450 3067 591 3149 spatium
627 3066 823 3149 suppeditari
857 3066 959 3148 pessit
987 3065 1020 3130 id
1044 3065 1128 3147 qued
1157 3066 1352 3130 sententiam
1383 3085 1432 3130 ex·

205 3171 308 3253 pleat,
338 3174 413 3236 ante
436 3192 576 3255 eamque
603 3173 801 3238 intercidisse
830 3172 897 3236 veri
926 3172 1029 3237 simile
1060 3174 1127 3250 est,
1158 3173 1293 3253 quartus
1324 3175 1431 3238 autem

208 3277 343 3358 quisque
366 3279 535 3361 utriusque
560 3281 709 3363 strophae
732 3279 944 3361 responsionis
974 3279 1045 3361 lege
1074 3297 1170 3343 auum
1200 3278 1307 3342 locum
1336 3281 1432 3344 tenet

207 3380 406 3465 Omninoque
431 3386 515 3450 sicut
537 3387 570 3449 in
593 3386 725 3467 reliquis
749 3387 817 3451 eius
841 3386 990 3450 carminis
1015 3386 1177 3450 ameebaei
1198 3387 1345 3468 partibus
1370 3387 1432 3450 sin·

206 3490 283 3571 gula
306 3492 473 3557 enuntiata
495 3511 588 3575 pares
611 3493 730 3557 habent
753 3493 979 3558 similitudines
1003 3496 1036 3558 et
1050 3493 1281 3576 responsiones,
1305 3493 1431 3559 easdem

206 3596 356 3662 habuisse
379 3599 439 3664 hoc
462 3599 601 3663 alterum
625 3600 830 3682 stropharum
851 3617 909 3682 par
924 3602 1174 3665 consentaneum
1197 3601 1255 3676 est,
1279 3599 1343 3664 etsi
1364 3600 1431 3682 ipsa

152 3767 157 3776 ,
207 3705 374 3768 enuntiata
396 3705 549 3788 refingere
572 3725 658 3770 nunc
680 3725 743 3770 nen
765 3725 945 3788 possumus.

294 3813 400 3892 Atque
423 3813 456 3876 id
481 3830 616 3894 queque,
640 3813 724 3894 quod
748 3812 888 3877 codicem
911 3813 1121 3896 archetypum
1144 3813 1295 3878 scribenti
1319 3813 1431 3878 erroris

206 3919 401 3982 occasionem
426 3919 521 3997 dedit,
544 3938 608 3983 non
632 3919 700 3984 sine
724 3919 832 4001 aliqua
854 3920 1078 4002 probabilitate
1101 3920 1164 3985 dici
1185 3922 1303 4003 petest.
1348 3921 1430 3984 Nam

206 4043 280 4088 cum
309 4025 465 4090 inversu
498 4034 539 4091 33
570 4026 700 4091 iuvenes
732 4026 937 4107 alloquantur
965 4026 1146 4109 Hesperum
1174 4046 1230 4110 per
1259 4045 1430 4110 pronomen

206 4133 269 4208 ceo,
291 4131 319 4195 is
342 4132 410 4213 ipse
433 4133 592 4214 inpriore
616 4151 711 4197 versu
734 4133 917 4196 nominatus
940 4133 1038 4197 fuisse
1063 4133 1172 4207 debet;
1196 4133 1280 4197 nude
1304 4136 1431 4216 prepter

207 4253 391 4300 sermonum
415 4239 676 4318 aequabilitatem
699 4238 883 4305 verisimile
903 4238 949 4317 iit,
972 4238 1109 4304 eundem
1123 4239 1157 4302 in
1173 4239 1263 4303 initio
1282 4241 1428 4323 strophae
